3062 5064
194 454 217 495 ¹
676 441 714 489 De
730 442 871 490 auctonbue

194 620 362 689 praecipuum
380 619 508 684 habuerit,
527 619 597 687 quod
615 619 705 686 populi
723 622 750 671 et
768 619 889 671 civitates
907 618 1035 686 originem
1053 633 1127 670 snam
1145 620 1272 685 perpetua
1287 632 1350 685 qua·

194 706 254 759 dam
272 706 441 759 traditionum
459 706 527 759 serio
545 708 573 758 et
591 706 723 759 constanti
739 705 873 758 hominum
890 705 1060 773 persuasione
1079 721 1112 757 ex
1130 705 1222 758 ultima
1238 705 1350 771 antiqui·

194 796 248 846 tate
272 793 438 861 repetebant,
462 793 507 859 qui
529 792 587 845 fons
611 807 751 859 numquam
774 791 917 844 exhaustus
939 795 966 844 et
989 792 1073 859 epicis
1093 795 1121 845 et
1137 791 1246 859 tragicis
1264 791 1350 859 poetis

194 880 325 947 insignem
343 879 445 947 copiam
463 881 673 946 argumentorum
691 879 819 946 praebuit,
844 893 910 946 quae
929 879 1091 948 explicarent
1108 880 1135 931 et
1146 878 1257 946 ingenio
1275 892 1351 930 exor-

197 968 298 1018 narent.
326 964 402 1017 Hanc
420 965 501 1033 igitur
518 966 642 1019 historiae
660 968 760 1033 partem
779 980 839 1017 cum
857 981 892 1018 cx
907 966 974 1034 ipsis
990 967 1078 1032 pacta,
1095 965 1223 1033 imprimis
1235 965 1351 1028 Hamae,

195 1056 251 1105 tum
273 1066 334 1105 vero
361 1066 397 1103 ex
417 1052 565 1113 Apollodori
588 1053 733 1104 bibliotheca
753 1054 861 1119 myctica
873 1053 1029 1120 catenaque
1050 1054 1236 1120 mythopraplis
1257 1052 1351 1115 (etiam

196 1139 305 1192 Diodori
322 1139 389 1191 libro
407 1138 514 1206 quarto)
534 1138 695 1207 colligimus,
719 1138 848 1206 permulta
869 1140 948 1191 etiam
965 1140 1107 1191 Pausanias
1123 1140 1284 1208 suppeditat,
1307 1140 1352 1207 qui
1412 1176 1416 1181 =

197 1241 257 1278 cum
282 1225 363 1278 altero
387 1228 448 1294 post
466 1224 598 1278 Christum
621 1229 710 1278 natum
732 1225 839 1278 saeculo
862 1225 899 1288 (a
920 1225 987 1287 174)
1007 1224 1132 1278 Graeciae
1150 1225 1352 1294 descriptionem

197 1311 288 1366 decem
307 1313 381 1366 libris
400 1314 575 1381 componeret,
598 1313 626 1365 id
643 1313 771 1380 imprimis
790 1313 852 1381 egit,
875 1316 905 1365 ut
922 1312 1111 1365 remotissimae
1129 1305 1292 1381 antiquitatis
1308 1329 1352 1366 ve·

197 1399 277 1467 stigia
294 1403 497 1468 recognosceret
514 1401 714 1468 memoriamque
732 1403 878 1453 renovaret.
912 1399 1055 1464 Plutarchi,
1080 1414 1157 1466 quem
1174 1414 1254 1468 supra
1270 1401 1353 1453 nomi·

198 1486 329 1551 nevimus,
349 1502 382 1539 cx
399 1487 449 1539 hac
466 1487 574 1555 periodo
591 1489 646 1540 vita
664 1490 705 1541 est
723 1488 827 1540 Thesei

268 1573 358 1626 Altera
365 1576 491 1640 periodos,
510 1575 614 1628 deserta
630 1576 682 1627 iam
700 1591 716 1626 a
733 1575 818 1643 poetis
837 1589 885 1626 uec
902 1578 991 1626 111111
1002 1572 1169 1627 historiarum
1180 1573 1352 1642 scriptoribus

198 1659 330 1728 frequens,
353 1661 376 1714 si
395 1665 466 1716 recte
484 1662 664 1730 intelligimus,
687 1663 715 1714 in
733 1663 830 1714 maiore
849 1661 928 1714 etiam
946 1660 1105 1713 obscuritate
1123 1662 1250 1713 versatur.
1286 1660 1353 1713 Nam

198 1760 258 1797 cum
275 1747 351 1800 ualde
370 1749 505 1816 cupiamus
523 1749 556 1802 de
578 1750 657 1802 rebus
675 1750 788 1817 publicis
806 1763 853 1816 per
872 1746 1009 1800 Graeciam
1026 1746 1154 1799 institutis
1173 1746 1256 1814 deque
1273 1748 1353 1800 variis

200 1847 289 1884 earum
308 1832 400 1887 formis
417 1834 515 1901 doceri,
532 1836 646 1889 maxima
663 1837 773 1904 penuria
790 1839 925 1889 auctorum
944 1835 1104 1888 laboramus:
1127 1848 1195 1886 unus
1213 1834 1355 1886 Herodotus

199 1920 277 1971 etiam
296 1919 363 1972 hanc
381 1921 505 1975 historiae
523 1926 633 1991 partem,
652 1938 700 1976 neo
718 1926 805 1976 tamen
823 1922 878 1974 lere
896 1923 947 1974 nisi
960 1921 1224 1975 Lacedaemoniorum
1237 1920 1354 1974 etAthe-

200 2006 330 2058 niensium
348 2009 375 2059 et
394 2006 585 2062 Corinthiorum
603 2025 660 2073 res,
683 2009 832 2076 [requenter
854 2024 870 2059 a
887 2008 1014 2075 peculiari
1032 2011 1185 2076 argumento
1203 2023 1251 2062 suo
1269 2009 1355 2077 digre-

200 2092 284 2157 diens,
301 2093 423 2146 illustrat.
461 2095 533 2157 (Huc
550 2096 665 2163 pertinet
682 2107 746 2147 urae
756 2098 838 2161 ferme
857 2096 918 2146 liber
936 2096 1054 2160 qar'utaa,i
1070 2097 1214 2162 praeterea,
1233 2098 1353 2149 111111-

200 2179 307 2233 biliores
331 2180 404 2233 locos
422 2180 541 2245 laudem,
565 2181 625 2233 uide
643 2181 675 2232 de
694 2180 847 2233 Lacedaem.
868 2182 897 2246 1,
916 2179 950 2234 65
964 2196 1012 2249 sq,
1036 2181 1066 2245 6,
1085 2179 1119 2234 52
1132 2195 1181 2248 sq,
1209 2181 1243 2234 de
1259 2180 1354 2235 Athen.

202 2266 231 2330 l,
249 2264 349 2333 5911,
368 2266 400 2319 de
419 2266 561 2320 Corinthiis
580 2267 610 2331 3,
628 2267 663 2320 49
681 2265 736 2334 sq.)
778 2266 929 2320 Ceterorum
952 2268 1108 2335 scriptorum
1131 2268 1259 2335 imprimis
1283 2268 1356 2321 adhi-

201 2353 280 2407 bendi
298 2358 360 2407 sunt
376 2344 526 2407 Plutarchus
543 2355 571 2406 in
588 2355 651 2407 uitis
669 2355 782 2423 Lycurgi
799 2354 946 2419 1181111111,
964 2355 1107 2406 Pausanias
1125 2369 1185 2406 cum
1203 2354 1261 2407 aliis
1279 2354 1356 2420 locis,

202 2442 304 2493 tamin
321 2440 475 2494 llesseniois
493 2443 550 2494 sive
568 2442 635 2495 libro
654 2442 681 2506 4,-
698 2442 744 2494 ubi
761 2441 831 2494 bella
847 2442 915 2494 inter
933 2441 1154 2495 Lacedaemonios
1172 2443 1200 2493 et
1210 2441 1356 2495 Messenios

203 2529 279 2595 gesta
297 2528 334 2580 ita
351 2530 462 2592 enarrat,
486 2531 516 2580 ut
533 2528 610 2582 facile
630 2530 754 2596 appareat
771 2544 830 2580 eum
849 2528 914 2580 nihil
932 2529 984 2581 nisi
1001 2528 1104 2592 Rhium,
1126 2527 1229 2596 poetae,
1251 2542 1357 2581 cmmen

204 2613 307 2682 epicum
326 2615 486 2679 contrahere,
507 2616 660 2683 thucydides
677 2615 722 2668 lib,
738 2615 761 2678 1,
781 2614 864 2668 1126
883 2615 915 2666 de
934 2613 1043 2683 (lylonis
1060 2614 1172 2682 piaculo,
1190 2614 1235 2667 111).
1245 2614 1270 2679 6,
1288 2614 1356 2668 154

204 2699 273 2754 -59
292 2699 324 2753 de
341 2699 545 2755 Atheniensibus
563 2701 787 2755 Pisistratidarum
805 2701 939 2754 dominatu
956 2701 1081 2754 liberatis.

274 2786 328 2840 Sed
346 2790 419 2840 certia
433 2790 563 2855 periodus,
588 2792 713 2856 quantum
731 2788 836 2857 quidem
858 2787 942 2840 tribus
960 2788 1135 2840 monumentis
1154 2787 1376 2855 clarissimorum,

154 2923 160 2933 ,
202 2874 365 2941 ingeniorum
383 2873 440 2927 fieri
457 2876 555 2943 potuit,
578 2877 605 2928 in
628 2876 741 2928 maxima
764 2874 822 2927 lnce
845 2874 932 2941 posita
953 2876 1002 2925 est.
1043 2873 1111 2925 Nam
1129 2874 1269 2926 Heracletus
1290 2876 1360 2929 bella

86 2958 89 2965 “
202 2959 311 3013 Persica
326 2975 386 3015 cum
403 2977 419 3014 a
436 2963 519 3030 primo
537 2963 611 3015 initio
628 2963 776 3031 repetisset,
795 2975 877 3028 usque
896 2959 930 3012 ad
947 2959 1078 3028 duplicem
1097 2959 1257 3014 Graecorum
1274 2963 1358 3016 victo-

203 3047 277 3111 riam,
296 3050 447 3102 terrestrem
465 3050 535 3118 apud
551 3050 681 3114 Plataeas,
704 3050 822 3101 navalem
841 3047 874 3099 ad
893 3048 1012 3116 Mycalen
1030 3048 1244 3115 promontorium,
1267 3052 1293 3102 et
1312 3048 1360 3102 Se·

205 3137 274 3187 stum
293 3151 309 3187 a
325 3135 487 3204 Xanthippo,
505 3135 600 3189 Athen.
619 3136 693 3200 duce,
712 3137 888 3204 expugnatam
906 3135 940 3198 (a.
952 3133 1015 3195 479)
1033 3134 1229 3187 accuratissime
1248 3138 1359 3188 11111111

173 3224 177 3232 ’
208 3221 370 3288 Thucydides,
391 3222 562 3290 ffavmsimus
580 3224 656 3275 testis
675 3238 706 3274 ac
724 3222 836 3290 diligens
855 3237 941 3273 rerum
953 3221 1133 3289 investigator,
1151 3236 1306 3289 quamquam
1318 3237 1360 3275 so-

206 3308 261 3360 lum
278 3308 376 3361 bellum
393 3308 645 3376 Peloponnesiacum
664 3324 692 3361 se
711 3308 902 3376 descripturum
919 3307 1064 3377 profitetur,
1084 3309 1172 3360 tamen
1189 3308 1227 3361 ita
1242 3323 1297 3361 rem
1316 3309 1361 3362 de·

206 3395 261 3448 dita
279 3409 359 3462 opera
375 3394 479 3447 videtin
496 3395 656 3459 instituisse,
679 3399 710 3446 ut
728 3395 806 3448 altine
825 3395 966 3464 repetendo
986 3395 1048 3462 (per
1065 3397 1149 3447 totum
1166 3410 1249 3462 paene
1266 3395 1360 3448 librum

205 3479 334 3551 primum)
362 3496 435 3534 suam
458 3480 593 3533 historiam
616 3496 676 3533 cum
699 3482 831 3535 Herodoto
855 3482 1037 3535 committeret.
1082 3480 1146 3533 Inde
1168 3495 1278 3534 exorsus
1301 3496 1361 3534 cum

206 3568 303 3621 bellum
319 3567 393 3632 illud,
413 3581 509 3634 magna
525 3568 650 3620 1111111111
668 3571 737 3621 terra
754 3571 870 3637 marique
887 3584 934 3637 per
953 3567 987 3620 28
1000 3582 1082 3619 annos
1101 3570 1213 3636 gestum,
1231 3582 1314 3636 usque
1328 3569 1362 3620 ad

207 3654 250 3708 21.
268 3670 364 3707 annum
383 3656 410 3706 et
425 3653 623 3707 Atheniensium
641 3656 777 3708 victoriam
794 3655 912 3708 navalem
930 3669 1011 3723 prope
1022 3652 1145 3722 Abydum
1163 3654 1231 3718 (sive
1250 3655 1285 3707 ad
1301 3671 1362 3723 pro·

207 3741 363 3797 montorium
383 3738 559 3808 Cynossema)
578 3740 618 3794 Ol.
640 3742 682 3807 92,
701 3742 726 3807 2,
750 3759 773 3795 a.
793 3742 853 3795 Chr.
872 3742 923 3794 411
944 3741 1082 3809 diligenter
1104 3744 1259 3808 persecutus
1282 3746 1362 3808 osset,

207 3844 256 3882 nec
274 3830 356 3881 morte
374 3830 517 3896 occupatus
538 3827 663 3896 perlicere
687 3846 742 3883 rem
767 3830 910 3898 potuisset,
934 3828 1039 3896 excepit
1055 3827 1130 3881 illum
1147 3828 1296 3895 Xenophon,
1317 3845 1363 3883 ne-

209 3930 339 3985 quaquam
357 3914 415 3982 pari
432 3915 547 3983 ingenio,
566 3915 615 3969 sed
633 3919 720 3970 tamen
738 3917 761 3968 is
779 3916 900 3983 scriptor,
920 3915 964 3966 cui
981 3913 1093 3966 similem
1112 3915 1136 3967 ei
1152 3916 1363 3983 posteahabere-

209 4017 281 4066 mus,
306 4001 438 4070 praeclare
457 4002 594 4054 nobiscum
617 4004 661 4071 agi
679 4003 895 4056 existimaremus.
936 4000 971 4053 Et
986 4000 1092 4053 hercule
1109 4016 1199 4068 parem
1216 4001 1364 4071 Thucydidi

208 4104 295 4142 rerum
313 4091 446 4140 auctorem
464 4103 517 4140 non
536 4088 612 4141 facile
630 4090 758 4153 invenias,
782 4089 828 4155 qui
844 4086 936 4155 procul
954 4089 1069 4138 remotus
1086 4101 1104 4138 a
1121 4088 1288 4142 contentione
1305 4106 1364 4158 par-

208 4176 282 4240 tium,
302 4175 350 4228 sed
368 4174 476 4228 eandem
495 4180 582 4228 111111
600 4176 713 4228 maxime
731 4177 864 4244 expertus,
883 4174 925 4225 sui
937 4172 1106 4225 obliviscatur
1124 4177 1150 4226 et
1162 4188 1252 4228 omnes
1264 4176 1365 4245 ingenii

210 4263 279 4316 vires
299 4262 333 4314 ad
350 4261 576 4331 contemplandam
595 4248 625 4315 ac
644 4261 842 4316 describendam
865 4274 1028 4312 communem
1047 4259 1221 4314 calamitatem
1238 4262 1364 4329 intendat,

208 4352 341 4417 tamquam
357 4349 438 4404 iudex
456 4348 634 4412 inexorabilis,
653 4363 737 4415 neque
755 4349 782 4400 in
800 4349 885 4399 utram
903 4349 1003 4414 partem
1021 4346 1079 4414 ipse
1097 4347 1214 4411 inclinet,
1232 4351 1364 4404 1111111-

209 4438 271 4488 tuve
289 4434 449 4504 significans.
491 4435 557 4486 Tam
576 4449 681 4502 gravem
703 4433 823 4486 historici
844 4447 983 4501 personam
1001 4433 1131 4485 sustinere
1149 4433 1298 4502 Xenophon
1315 4452 1364 4490 nec

212 4520 298 4593 potuit
315 4536 364 4573 uec
382 4521 484 4575 ridetur
506 4520 630 4590 voluisse,
649 4520 696 4573 sed
714 4519 829 4573 omnium
847 4518 972 4573 uirtutum
991 4533 1080 4573 amane
1098 4518 1233 4575 historiam
1246 4521 1279 4577 ad
1290 4522 1365 4579 111811-
