3012 5062
400 429 430 476 sb
449 443 513 477 anno
531 444 554 476 a
565 429 623 477 Chr.
643 396 693 478 216
712 445 789 491 usque
807 433 839 479 ad
856 446 946 480 annum
966 434 1025 480 211.
1257 433 1292 502 Bb

123 607 209 647 ⁸'ch''
255 617 305 644 Μ
370 658 455 711 tacere
479 662 562 712 morte
586 659 653 711 Phili
674 660 852 727 Pf⁰hib⁰¹¹l¹¹¹·
894 661 962 714 Ludi
985 664 1084 717 ⁸⁰⁰ni⁰i
1105 642 1155 716 hoc
1179 665 1291 731 primum

370 744 437 782 anno
457 730 489 782 ab
508 729 564 781 aed.
585 745 639 782 cur.
658 729 721 783 iacti
740 729 810 792 (Lis.
831 730 873 795 24,
892 730 951 795 43).

140 801 197 855 213
247 799 299 855 541
340 799 400 853 Cos.
428 800 457 860 Q.
477 802 571 853 Fabius
597 800 626 860 Q.
639 803 665 868 f.
687 802 824 865 Maximus,
856 803 894 856 Ti.
913 804 1070 870 Sempronius
1091 804 1217 857 Gracchus
1235 806 1289 868 ΙΙ.)

369 871 472 924 Bellum
491 870 612 923 initalia
635 871 704 924 lente
729 873 835 941 geritur.
874 872 934 926 Cos.
954 876 1018 927 alter
1037 877 1064 928 in
1082 875 1178 942 Apulia
1194 875 1290 945 Arpos,

371 943 436 994 alter
455 940 494 994 Ti.
509 942 609 1013 Sempe.
628 943 655 995 in
673 943 790 995 Lucania
808 947 835 996 et
852 945 879 996 in
892 944 1002 999 Bruttiis
1021 946 1120 1014 aliquot
1138 946 1234 1014 oppida
1250 964 1290 999 re·

370 1012 447 1081 cipit,
472 1013 532 1065 dum
548 1013 679 1067 Hannibal
698 1017 822 1066 aestatem
843 1015 913 1068 circa
932 1015 1071 1068 Tarentum
1091 1018 1233 1081 consumit,
1256 1018 1289 1070 M.

369 1083 508 1136 Marcellus
533 1085 559 1135 in
579 1084 714 1136 obsidione
734 1085 924 1152 Syracusarum
942 1087 1073 1154 perdurat.
1115 1087 1145 1140 lu
1163 1088 1291 1155 Hispania

371 1153 509 1222 Scipiones
533 1155 584 1207 iam
604 1152 750 1208 debellasse
770 1156 819 1208 sibi
838 1157 971 1222 videntur,
995 1161 1021 1210 et
1040 1159 1071 1210 de
1090 1158 1158 1210 bello
1176 1160 1204 1210 in
1223 1158 1290 1211 Ahi·

369 1240 426 1277 cam
444 1225 598 1277 traiiciendo
617 1227 742 1294 cogitant.
781 1224 845 1278 Cum
866 1227 986 1295 Syphace
1005 1230 1121 1297 iungitur
1140 1230 1262 1282 amicitia.

406 1295 518 1348 Comitia
536 1297 663 1349 habentur
676 1313 722 1366 per
733 1296 761 1350 C.
773 1296 910 1351 Claudium
924 1298 1085 1352 Centhonem
1098 1300 1168 1364 dict,
1189 1299 1218 1364 Q.
1228 1300 1290 1353 sul-

270 1372 273 1377 “
368 1367 410 1419 vio
429 1367 525 1420 Flacco
544 1383 612 1435 mag.
632 1383 672 1435 eq.

141 1439 196 1492 212
248 1437 301 1492 542
340 1436 400 1490 Cos.
427 1438 457 1498 Q.
477 1438 580 1490 Fulvius
604 1439 710 1490 Flaccus
727 1439 786 1503 ΙΙΙ,
814 1438 879 1506 App.
908 1440 1027 1492 Claudius
1044 1440 1174 1503 Pulcher.)
1210 1440 1288 1494 Initio

368 1509 429 1561 anni
446 1508 588 1573 Hannibal,
614 1511 731 1562 exercitu
755 1509 875 1562 celeriter
898 1527 932 1562 ex
954 1511 1069 1564 hibernis
1088 1515 1173 1576 moto,
1199 1512 1289 1565 urbem

371 1580 473 1631 Tarenti
491 1596 537 1648 per
550 1580 723 1648 proditionem
736 1584 855 1648 occupat,
875 1597 960 1633 arcem
973 1585 1042 1634 terra
1054 1583 1169 1649 marique
1183 1582 1288 1634 claudit.

367 1648 408 1702 Ad
422 1650 577 1719 Campanos,
597 1651 758 1704 obsidionem
777 1656 932 1716 metuentes,
950 1652 1105 1705 Hannonem
1123 1669 1181 1704 cum
1195 1668 1290 1721 magna

367 1722 393 1774 11
412 1721 534 1775 frumenti
553 1722 647 1786 mittit,
672 1722 719 1774 sed
742 1723 765 1774 is
785 1738 800 1773 a
819 1722 848 1784 Q.
868 1722 961 1775 Fulvio
981 1739 1034 1775 cos.
1053 1723 1166 1775 vincitur
1184 1724 1290 1777 castris-

368 1807 418 1859 que
438 1794 549 1845 exuitur.
586 1792 687 1845 Rursus
708 1792 748 1844 Ti.
769 1790 903 1845 Gracchus
922 1810 955 1845 ex
973 1793 1090 1847 Lucania
1107 1795 1214 1862 propius
1234 1809 1288 1848 cos.

365 1864 510 1916 arcessitus
529 1864 556 1916 in
575 1860 684 1916 insidias
703 1863 796 1915 incidit
814 1866 840 1915 et
858 1863 1020 1928 interficitur,
1048 1879 1110 1915 mox
1128 1865 1213 1916 Hans.
1231 1865 1290 1933 ipse
1308 1881 1311 1886 ·

366 1935 394 1987 in
413 1932 537 2002 Campan.
557 1937 738 2002 transgressus
758 1934 920 2006 obsidionem
940 1933 1044 2002 Capuae
1063 1935 1150 1990 solvit.
1179 1934 1242 1987 Inde
1261 1936 1289 1987 in

366 2004 510 2058 Lucaniam
529 2006 591 2069 abit,
610 2006 642 2056 M.
663 2005 817 2058 Centenium
836 2021 895 2057 cum
914 2006 1031 2058 exercitu
1051 2006 1176 2057 subitario
1195 2004 1289 2070 caedit,

366 2076 428 2127 item
451 2077 478 2129 in
496 2075 592 2144 Apulia
611 2074 657 2128 Cn.
676 2076 798 2128 Fulvium
821 2080 902 2145 praet.
925 2076 1010 2129 frandit
1031 2075 1167 2144 fugatqu03
1190 2077 1290 2129 interea

303 2156 305 2159 ·
366 2162 436 2210 vero,
460 2147 521 2199 dum
540 2148 610 2199 circa
630 2147 771 2199 Tarentum
791 2150 817 2198 et
834 2146 1003 2199 Brundisium
1022 2150 1210 2211 commoratur,
1234 2162 1288 2201 cos.

366 2216 480 2285 Capuam
498 2219 592 2270 iterum
611 2217 732 2270 obsident
751 2220 777 2269 et
795 2218 917 2285 operibus
936 2218 1013 2271 iactis
1032 2221 1192 2286 oppugnant.

400 2289 434 2340 M.
457 2288 595 2341 Marcellus
620 2288 753 2356 Syracusis
775 2288 932 2356 Hexapylon
961 2292 988 2341 et
1009 2288 1133 2357 Epipolas
1162 2291 1288 2341 nocturno

366 2359 465 2426 impetu
483 2360 565 2426 capit,
591 2358 715 2427 Neapolis
735 2362 762 2412 et
780 2358 873 2426 Tycha
892 2359 1032 2423 deduntur,
1056 2359 1173 2423 taudem,
1192 2358 1289 2411 frustra

366 2429 543 2483 laborantibus
568 2430 676 2494 Poenis,
700 2429 849 2482 Achradina
871 2434 898 2483 et
920 2430 1019 2494 Nasos,
1043 2430 1168 2497 prodente
1191 2429 1288 2482 Merioo

365 2500 491 2569 Hispano,
510 2501 537 2553 11
556 2503 691 2567 capiuntur.
729 2501 792 2553 Inde
805 2501 943 2554 Marcellus
962 2501 1020 2554 adv.
1032 2501 1135 2553 Poenos
1155 2499 1287 2568 proiectus

365 2570 519 2625 Hannonem
538 2573 607 2639 apud
625 2572 798 2640 Agrigentum
816 2572 945 2640 profligat.

400 2642 431 2694 In
449 2642 577 2711 Hispania
595 2658 656 2695 vero
676 2643 813 2710 Scipiones
838 2643 929 2695 divisis
953 2641 1112 2694 exercitibus
1131 2640 1287 2693 debellaturi

365 2714 451 2765 omnia
463 2714 587 2781 perdunt:
606 2717 714 2781 uterque
733 2714 934 2777 circumventus,
954 2712 1093 2765 Celtiberis
1106 2711 1286 2764 deserentibus
1381 2748 1388 2755 -

364 2782 519 2852 domumque
537 2785 664 2849 reversis,
688 2787 715 2836 et
731 2784 853 2836 Numidis
877 2800 935 2838 cum
954 2784 1093 2834 Masinissa
1112 2782 1225 2849 undique
1244 2798 1286 2834 nr-

384 2855 496 2919 entibus,
520 2854 595 2909 foede
614 2855 689 2923 perit.
727 2854 862 2921 Reliquias
886 2855 1048 2906 exercituum
1067 2855 1105 2905 cis
1124 2853 1229 2905 iberum
1246 2867 1286 2906 re-

291 2920 297 2925 ’
365 2870 456 2979 luctas
476 2940 553 2994 aegre
573 2929 659 2979 servat
678 2925 708 2989 Q.
727 2926 853 2989 Marcius,
883 2940 923 2992 eq.
942 2924 1026 2988 Rom,
1054 2923 1214 2977 amilitibus
1233 2922 1287 2975 dux

365 3000 477 3049 oreatus.
1284 3017 1287 3023 ·

400 3068 497 3120 Romae
516 3067 545 3120 P.
564 3066 682 3120 Licinius
702 3064 813 3117 Crassus
836 3065 865 3116 iu
888 3064 974 3118 locum
998 3062 1028 3116 L.
1049 3062 1164 3116 Cornelii
1181 3061 1287 3116 Lentuli

363 3142 436 3206 pont.
460 3154 528 3191 max.
551 3137 650 3200 factae,
680 3136 725 3203 qui
747 3134 862 3188 nondum
886 3135 950 3188 sella
974 3134 1058 3189 curuli
1079 3134 1201 3198 sedisset,
1228 3134 1285 3187 Lis.

366 3207 408 3274 25,
428 3208 452 3263 5.
490 3208 557 3261 Ludi
576 3206 740 3276 Apollinares
759 3206 881 3259 instituti.

136 3280 190 3334 211
244 3277 298 3334 543
335 3279 395 3333 Coi.
415 3280 458 3333 Cn.
470 3281 574 3332 Fuluius
589 3280 751 3342 Centumalus,
769 3277 800 3329 P.
812 3277 940 3344 Sulpicius
960 3276 1051 3339 Galba,
1070 3274 1095 3328 8.
1113 3274 1176 3327 belli
1194 3289 1286 3339 annus,

366 3350 400 3405 23
418 3350 462 3419 leg
482 3350 499 3412 .)
523 3349 587 3403 Cam
607 3365 670 3403 auos
695 3364 754 3402 cum
777 3349 863 3401 aerius
882 3350 1005 3415 urgerent
1029 3347 1124 3415 prioris
1148 3346 1209 3398 anni
1232 3359 1286 3399 cos.

367 3429 394 3475 et
413 3420 442 3476 C.
462 3367 552 3475 Claud.
597 3435 641 3474 ero
677 3435 755 3489 ropr,
778 3419 921 3483 Hannibal,
945 3419 1043 3471 omisso
1062 3418 1190 3478 11111111,
1214 3432 1287 3469 exer-

366 3494 447 3546 citum
469 3507 500 3545 eo
525 3491 605 3544 ducit.
649 3435 699 3554 Qui
722 3506 782 3543 eum
805 3505 907 3542 summa
930 3491 956 3543 11
982 3492 1069 3542 eastra
1086 3488 1161 3540 Rom.
1180 3487 1287 3540 adortus
1354 3497 1357 3503 ”

365 3567 453 3616 amen
476 3563 597 3630 repulsus
622 3564 704 3624 esset,
727 3562 812 3629 ipsam
834 3561 943 3613 Romam
967 3561 1040 3628 petit.
1082 3558 1206 3625 Sequitur
1228 3572 1287 3611 cum

364 3637 438 3704 parte
457 3634 588 3687 exercitus
608 3631 638 3696 Q.
656 3632 774 3695 Fulvius,
793 3647 877 3699 neque
895 3632 994 3685 interea
1013 3629 1172 3697 oppugnatio
1191 3630 1289 3682 cessat.

366 3706 457 3773 Itaque
475 3703 621 3768 Hannibal,
641 3719 700 3757 cum
718 3702 815 3755 trustra
831 3701 949 3754 laborare
968 3716 997 3755 se
1015 3700 1128 3762 uideret,
1153 3714 1235 3766 usque
1254 3697 1287 3750 ad

304 3772 306 3777 ⁴
365 3776 495 3846 Rhegium
512 3774 619 3830 recedit.
652 3774 739 3840 Capua
757 3774 861 3836 deditur,
880 3775 1015 3824 senatores
1028 3770 1158 3839 supplicio
1170 3768 1304 3822 afficiam·

366 3850 416 3911 tur,
436 3847 516 3900 ceteri
534 3846 619 3914 patria
636 3846 796 3907 emerentur,
819 3858 883 3910 ager
899 3842 1055 3910 publicatur.
1096 3842 1129 3892 M.
1148 3839 1286 3893 Marcellus

365 3918 507 3985 triumphat
525 3916 557 3969 de
570 3915 757 3984 Syracusanis;
777 3913 896 3967 succedit
914 3914 939 3965 ei
956 3913 989 3965 M.
1004 3912 1141 3966 Cornelius
1155 3910 1286 3978 Cethegus
1364 3949 1368 3956 .

366 3993 478 4057 praetor,
502 4003 561 4041 cum
576 3986 610 4040 'C.
630 3986 763 4053 Sulpicius
786 3988 890 4052 praetor
907 3988 1022 4037 veterem
1041 3983 1202 4051 provinciam
1221 3981 1287 4033 obti-

366 4063 434 4112 neat.
465 4059 494 4111 P.
509 4058 641 4126 Sulpicius
656 4072 709 4111 cos.
724 4055 842 4109 succedit
856 4055 888 4106 M.
899 4054 1005 4108 Valerio
1017 4054 1132 4107 Laevino
1145 4067 1192 4120 pro
1204 4052 1285 4119 praet.

365 4130 392 4182 in
418 4129 555 4183 Graeciam
578 4132 604 4181 et
627 4127 817 4190 Macedoniam
840 4125 932 4179 foedus
957 4141 1016 4179 oum
1037 4123 1138 4177 Aetolis
1161 4122 1286 4190 iungitur.

366 4200 397 4253 In
420 4200 548 4267 Hispania
571 4214 629 4255 cum
654 4197 684 4252 C.
704 4197 795 4250 Claud.
813 4196 883 4250 Nero
909 4197 941 4249 ab
963 4194 1126 4249 Hasdrubale
1148 4192 1235 4260 decipi
1257 4206 1286 4244 se

364 4286 461 4338 passus
485 4272 564 4334 esset,
588 4270 619 4321 P.
641 4269 766 4321 Cornelius
784 4268 879 4334 Scipio,
903 4268 933 4321 P.
952 4267 997 4331 fit,
1022 4263 1156 4337 apopulo
1175 4264 1286 4324 creatur,
1313 4270 1317 4277 ·

367 4340 401 4394 24
420 4356 502 4393 annos
521 4343 607 4405 natus,
626 4341 748 4407 quicum
767 4339 876 4408 imperio
895 4353 996 4407 procos.
1010 4335 1207 4396 comitteretur,
1225 4331 1286 4383 dato

367 4411 484 4464 adiutore
502 4411 536 4464 M.
555 4411 630 4465 Iunio
650 4410 740 4464 Silano
759 4424 844 4478 propr.
