3062 5064
196 453 226 493 w
710 443 839 491 Praelatio.

196 614 328 699 ciarum,
356 617 587 702 imperatorum
614 625 759 702 tempora
787 615 969 683 definienda
995 619 1188 704 pertineant,
1217 640 1353 686 comme

196 731 319 786 morata
341 743 412 787 esse
434 720 603 806 reperient.
639 719 713 786 Nec
736 730 921 806 poteramus
943 745 1009 788 non
1031 723 1132 788 multo
1154 722 1248 808 plura
1270 724 1354 789 eius·

195 823 284 889 modi
307 824 434 906 afferre,
456 823 516 890 sed
537 824 697 891 retinebat
719 823 928 912 cupiditatem
948 836 1092 901 nostram
1106 826 1197 909 illud,
1219 850 1261 893 ne
1277 828 1354 894 viris

196 926 301 994 doctis
324 936 450 993 tantum
473 926 625 1010 scribere,
647 951 713 995 non
736 953 857 1013 eorum,
886 931 941 1015 qui
964 929 1089 996 discere
1111 931 1241 1014 vellent,
1268 953 1356 997 com·
1379 996 1384 1003 .

196 1031 293 1098 modo
323 1033 492 1099 consulere
519 1031 719 1116 videremur,
747 1044 976 1120 perpetuamve
1005 1059 1111 1100 rerum
1139 1036 1355 1102 narrationem

196 1136 360 1224 eleganter
387 1136 618 1204 instituendam
645 1138 740 1204 nimis
769 1140 880 1205 multis
907 1140 1050 1205 minutiis
1079 1139 1259 1206 inserendis
1280 1163 1356 1227 pes-

195 1240 428 1308 sumdaremus.
480 1241 532 1306 De
554 1239 698 1307 fontibus
722 1251 830 1308 autem
853 1252 886 1309 et
909 1242 1142 1309 emendationis
1165 1252 1197 1310 et
1219 1245 1356 1331 amplifl-

195 1346 331 1412 cationis
359 1355 489 1412 nostrae
519 1344 627 1412 dicere
655 1347 736 1413 nihil
764 1348 888 1413 attinet.
939 1346 1024 1414 Sunt
1047 1349 1132 1413 enim
1153 1349 1211 1431 iis,
1243 1349 1298 1433 qui
1320 1350 1356 1414 in

195 1449 246 1516 his
270 1449 385 1517 studiis
408 1459 588 1535 versantur,
612 1452 681 1516 noti
703 1473 763 1517 nec
777 1453 829 1535 iis,
853 1452 970 1536 quibus
985 1453 1090 1540 ignoti
1105 1462 1191 1536 sunt,
1213 1452 1355 1519 breviter

195 1564 332 1642 possunt
355 1554 509 1621 exhiberi.
549 1555 687 1621 Nullum
709 1578 768 1621 nos
792 1556 922 1640 quidem
944 1559 1154 1623 recentiorem
1176 1558 1290 1623 harum
1304 1582 1355 1624 re-

194 1684 266 1726 rum
289 1668 454 1726 auctorem
478 1661 741 1746 contempsimus,
764 1662 886 1747 aliquot
909 1662 1005 1727 etiam
1021 1685 1092 1727 eam
1106 1686 1204 1728 unam
1220 1663 1261 1729 ob
1278 1686 1354 1729 cau·

195 1787 275 1848 sam,
297 1773 335 1830 ut
356 1765 440 1830 hanc
463 1763 636 1830 editionem
658 1775 746 1831 recte
769 1788 965 1849 curaremus,
995 1766 1211 1833 adhibuimus.
1255 1768 1355 1834 Prae-

196 1869 310 1955 cipuus
332 1877 441 1934 tamen
462 1868 517 1934 ille
538 1870 612 1935 fons
635 1879 714 1952 erat,
736 1879 783 1952 ut,
807 1890 881 1935 cum
904 1880 936 1935 et
958 1872 992 1935 in
1015 1870 1170 1937 discendo
1194 1882 1226 1937 et
1247 1873 1281 1938 in
1296 1871 1354 1937 do-

196 1971 299 2038 cendo
328 1981 483 2058 perpetuo
510 1973 572 2038 hoc
601 1973 684 2039 libro
707 1974 757 2039 usi
781 1996 942 2056 essemus,
973 1976 1093 2058 exiis,
1121 1998 1203 2059 quae
1226 1998 1377 2060 quoquex
1464 2007 1467 2011 ²

193 2076 266 2141 loco
288 2084 545 2159 annotassemus,
570 2076 724 2162 quicquid
747 2099 828 2163 opus
845 2099 915 2143 esse
930 2076 1104 2162 videretur,
1126 2081 1353 2166 reciperemus.
1435 2070 1437 2073 ’

195 2177 271 2262 Qua
292 2179 416 2246 ratione
439 2202 513 2245 cum
535 2189 612 2245 nata
634 2181 677 2246 sit
698 2181 779 2245 haec
803 2179 912 2264 editio,
936 2190 972 2246 ut
996 2183 1108 2248 eadem
1122 2185 1225 2269 prosit
1241 2183 1354 2249 docto·

194 2306 329 2370 rumque
350 2285 471 2372 pariter
494 2305 531 2349 ac
553 2283 746 2351 discentium
769 2284 878 2352 studia
891 2285 1041 2370 adiuvet,
1068 2287 1276 2354 vehementer
1299 2310 1355 2353 cu·

194 2412 310 2475 prmus.

282 2580 406 2669 Scripsi
427 2582 535 2651 Bere.
559 2580 629 2648 cu.
652 2583 751 2650 Mac.
778 2549 874 2653 isca

998 2778 1038 2846 A.
1057 2778 1110 2847 W.
1132 2777 1310 2867 Zumptius.

1500 1092 1507 1173 l

1503 1180 1513 1355 l
