3062 5064
547 457 673 523 Aemate
691 459 834 519 Phanas«

145 694 198 753 tur,
217 688 327 751 dumet
343 692 446 741 veteres
464 705 540 756 reges
559 690 654 742 multas
672 691 793 759 regiones
805 693 919 747 retinent
931 695 958 745 et
968 694 996 746 in
1009 694 1067 747 aliis

145 776 215 812 nora
232 760 328 813 XXVI
345 760 468 827 dynastia
485 761 583 825 eriath.
625 762 718 813 Omnia
740 764 873 817 turbarum
891 765 981 832 plena,
1005 765 1068 818 duo·

148 831 235 883 decim
253 845 331 899 reges
350 832 377 883 iu
395 832 474 883 variis
493 833 567 899 regni
585 833 709 899 partibus.

109 902 184 954 Inter
202 917 249 954 eos
268 906 310 957 cst
328 902 526 966 Psammetichus,
545 903 590 970 qui
608 919 624 954 a
642 904 750 971 euhagis
771 904 879 967 eiectus,
900 921 961 958 mox
980 921 1068 961 eorum

147 974 233 1041 copiis
261 973 294 1023 ad
322 973 503 1040 Momemphim
532 973 629 1026 auxilio
659 973 817 1026 Graecorum
852 979 1069 1033 mercenariorum

147 1045 226 1095 victis
246 1043 320 1096 solus
338 1059 448 1111 regnum
466 1044 566 1096 obtinet
584 1045 661 1106 (Sais
681 1046 755 1113 regni
775 1045 867 1109 sedes)

111 1114 162 1178 Qui
182 1130 242 1166 cnm
254 1115 405 1182 Aegyptum
424 1116 569 1182 peregrinis
582 1117 705 1183 gentibus
718 1118 818 1185 aperiat
832 1116 991 1185 Graecisque
1004 1134 1069 1170 mer-

149 1185 263 1236 cenariis
282 1186 407 1236 militibus
432 1188 531 1249 utatur,
555 1187 648 1253 quibus
673 1191 759 1239 castra
778 1191 804 1239 et
822 1203 899 1257 agros
918 1204 999 1256 prope
1017 1189 1069 1241 Bu·

146 1257 244 1308 baetim
263 1257 395 1322 assignat,
417 1272 513 1323 magna
535 1273 595 1324 pars
619 1258 717 1310 ordinis
741 1259 861 1311 militaris
879 1259 1070 1328 Aegyptiorum

145 1328 174 1378 in
193 1326 360 1393 Aethiopiam
379 1327 480 1394 migrat.

110 1397 213 1449 Bellum
232 1398 261 1448 iu
272 1397 337 1449 Asia
355 1412 449 1465 gerens
468 1398 586 1459 Azotum,
606 1397 698 1464 Syriae
717 1399 815 1462 urbem,
834 1405 894 1466 post
906 1400 1067 1451 obsidionem

62 1520 65 1525 ,
146 1468 181 1520 20
201 1469 424 1535 annorum'capit.
927 1492 928 1501 ¹

113 1539 213 1590 llortuo
232 1553 267 1659 alp]
283 1543 422 1605 postquam
440 1537 476 1592 54
488 1553 570 1591 annos
590 1539 617 1590 in
636 1541 786 1592 universum
804 1541 932 1608 regnavit,
950 1541 1069 1592 succedit

148 1609 217 1661 filius
264 1611 321 1660 echo
759 1660 762 1665 ,

116 1679 165 1730 Rei
183 1680 266 1730 navali
285 1680 382 1743 studet,
400 1678 515 1731 Africam
534 1696 581 1746 per
599 1679 949 1746 Phoenices-explorandam
969 1683 1051 1732 curat.

115 1749 227 1801 Iudaeos
245 1750 276 1801 ad
295 1749 443 1817 Magdolum
464 1751 552 1816 vincit,
571 1752 755 1817 Hierosolyma
774 1751 843 1818 capit

112 1820 174 1872 Mox
192 1822 249 1888 ipse
268 1821 300 1872 ab
319 1820 539 1873 Nebucaduezare
564 1823 596 1873 sd
617 1822 761 1874 Circesium
780 1821 892 1888 pellitur.
929 1821 991 1873 Vita
1008 1826 1069 1888 post

146 1907 257 1959 regnum
278 1891 309 1943 16
328 1906 454 1943 annorum
474 1891 578 1944 iunctus

111 1962 241 2024 Psameris,
261 1963 318 2015 eius
337 1961 415 2025 filius,
435 1962 559 2014 adversus
578 1963 719 2028 Aethiopes
738 1978 857 2030 pugnans
876 1963 945 2030 perit

113 2034 204 2098 Aprica
222 2034 295 2093 (sire
314 2033 435 2099 Hophra)
455 2034 580 2084 adversus
599 2033 844 2085 Nebucadnezarem
867 2034 964 2085 bellum
988 2034 1067 2101 gerit,

147 2119 162 2154 a
182 2102 327 2170 Cyrenaeis
346 2103 473 2167 devictus,
493 2104 524 2155 ab
544 2105 682 2172 Aegyptiis
701 2104 829 2157 deseritur
847 2108 874 2156 et
892 2105 1020 2156 occiditur

114 2174 167 2227 Sub
188 2176 289 2235 1491991,
313 2175 358 2240 qui
376 2178 437 2240 post
455 2189 513 2226 eum
532 2191 578 2226 rex
597 2175 777 2239 constituitur,
800 2175 937 2243 Aegyptus
955 2176 1070 2231 multiti-

147 2245 209 2296 dine
229 2245 361 2296 hominum
382 2248 458 2311 atque
477 2245 579 2296 urbium
597 2245 680 2297 floret.

116 2315 232 2382 (lyprnm
251 2315 414 2367 tributariam
433 2315 503 2379 tacit,
528 2316 574 2368 sed
593 2334 608 2367 a
626 2317 714 2368 Persis
733 2316 999 2384 appropinquantibus
1017 2316 1067 2368 Aa·

204 2390 231 2437 to
251 2386 350 2439 metuit

113 2402 291 2507 affirmas
309 2458 370 2523 post
386 2472 495 2523 regnum
514 2471 655 2523 paucorum
673 2457 801 2509 mensium
819 2456 976 2524 aCambyse
988 2456 1069 2509 Persa

148 2528 262 2578 vincitur
281 2531 308 2578 et
325 2527 453 2581 occiditur

113 2598 153 2650 Ab
172 2598 222 2719 hoto
238 2602 364 2731 {epplrffi
375 2597 514 2650 Persarum
539 2612 615 2666 reges
634 2598 661 2649 iu
678 2596 800 2666 Aegypto
824 2596 989 2661 dominantur
1007 2596 1068 2665 (dy-

149 2684 218 2720 nas.
366 2707 372 2719 .
484 2703 488 2707 ›

111 2809 232 2869 Aegyptii
254 2810 337 2868 iugum
356 2809 477 2855 Persicum
501 2810 641 2855 invitissimi
664 2811 756 2869 ferunt,
780 2809 823 2855 sed
841 2823 855 2855 a
873 2809 993 2868 praesidio
1012 2809 1069 2855 Per-

149 2894 240 2938 sarum,
258 2879 367 2939 Memphi
386 2879 514 2937 collocato,
532 2879 558 2926 in
576 2880 656 2927 officio
675 2885 793 2925 tenentur.

111 2951 199 3009 Neque
221 2958 303 2996 tamen
325 2965 375 2998 uon
400 2952 474 2999 etiam
492 2965 548 2997 suos
564 2964 647 3009 reges,
673 2950 752 2997 Persis
775 2950 929 3006 tributarios,
955 2947 1067 3011 (dynast.

147 3019 383 3083 XXVIII-xxx>
401 3022 427 3067 in
444 3021 504 3067 loeis
522 3022 584 3068 mari
601 3019 644 3083 (ἐν
656 3016 738 3081 ἕλεσι)
755 3025 779 3065 et
790 3019 887 3066 Africae
899 3020 1078 3077 adiacentibus,

148 3093 249 3147 hahent,
268 3093 310 3150 qui
329 3093 442 3138 omnibus
462 3094 565 3151 captatis
579 3092 754 3149 occasionibus,
774 3091 916 3150 praesertim
928 3092 990 3136 iuter
1002 3089 1068 3136 bella

149 3177 205 3209 cum
219 3161 321 3208 Graecis
337 3168 413 3222 gesta,
432 3178 447 3208 a
464 3177 520 3222 rege
532 3163 659 3212 Persarum
676 3162 798 3207 deliciunt.
816 3161 924 3217 Eorum,
944 3162 985 3219 qui
1004 3161 1069 3219 apud

150 3232 256 3279 Graecos
278 3234 393 3279 historiae
410 3235 540 3292 scriptores
558 3238 782 3289 commemorantur,
801 3234 900 3287 nomina
917 3232 978 3278 haec
1000 3237 1068 3280 sunt:

112 3304 202 3349 lnam
215 3297 357 3372 (Ἰνάρως)
373 3303 433 3350 Afer
451 3305 482 3350 ab
501 3304 588 3350 Artax.
600 3304 620 3350 1.
639 3305 728 3362 delicit,
747 3303 920 3353 adiuvantibus
937 3301 1069 3354 Athenien·

149 3375 218 3421 sibus

112 3445 150 3491 Eo
173 3447 241 3490 victo
263 3449 289 3489 et
311 3445 375 3491 ornei
399 3445 477 3490 afffxo
500 3451 610 3505 superest
631 3450 713 3491 tamen
731 3445 872 3509 Amyrtaeua
894 3444 920 3488 in
941 3443 1070 3491 maritimis

148 3515 291 3574 regionibus

117 3585 267 3645 7799999999,
286 3584 352 3631 inari
369 3583 412 3641 fit,
431 3589 456 3629 et
467 3584 582 3641 Passim,
601 3584 726 3645 Amyrtaei
743 3584 786 3643 fil,
805 3597 873 3644 reges
885 3583 963 3631 Persis
976 3587 1068 3643 parent.

113 3656 252 3714 Nepbarersa
269 3655 474 3701 Lacedaemonios
492 3656 594 3701 adiuvat
612 3661 696 3701 contra
712 3655 844 3701 Artaxerx.
862 3654 895 3700 H.

113 3727 200 3772 Acce-is
217 3725 358 3784 Euagoram
375 3727 478 3773 adiuvat

114 3796 264 3842 Nectanabar
281 3795 422 3859 Aegyptum
441 3796 550 3843 defendit
567 3796 598 3842 ab
616 3798 742 3855 ingruente
760 3794 889 3841 Persarum
906 3795 1016 3841 exercitu

118 3867 209 3913 Tactus
227 3865 359 3914 Chabriam
377 3866 465 3912 Athen.
484 3871 510 3911 et
527 3866 670 3926 Agesilaum
692 3880 744 3927 reg.
763 3865 851 3913 Laced.
871 3864 943 3912 classi
966 3870 991 3910 et
1007 3863 1073 3911 mili-

148 3938 215 3984 tibus
233 3939 388 3985 mercenariis
407 3937 517 3996 praeficit
606 3986 609 3991 ‚
877 3988 880 3993 ξ

114 4008 265 4054 Nectanabws
283 4004 448 4070 (sor-stt)
466 4008 498 4054 ab
518 4005 586 4053 Ocho
604 4020 661 4066 rege
678 4006 742 4052 Pers.
762 4007 850 4064 vietus,
871 4005 898 4051 iu
912 4005 1072 4064 Aethiopiam

149 4080 256 4139 aufugit
296 4078 413 4139 Aegyptii
431 4078 458 4123 iu
475 4082 622 4137 potestatem
640 4078 733 4126 redacti
750 4077 906 4137 graviterque
923 4077 1005 4136 puniti
1023 4086 1073 4123 sar-

148 4151 221 4197 vinna
238 4163 316 4208 usque
334 4150 367 4195 ad
383 4147 559 4197 Alexandrum.

473 4305 498 4359 t.
534 4300 714 4358 Psearrers.

118 4424 260 4486 Phoenices
280 4446 296 4481 a
313 4428 393 4481 rubro
411 4429 477 4483 meri
493 4428 657 4496 immigrasse
675 4426 805 4481 dicuntur.
835 4425 1012 4492 Principatum
1030 4440 1072 4476 eo·

151 4517 207 4567 rum
225 4503 317 4555 tenent
336 4498 415 4551 urbes
432 4499 534 4568 Byblus
549 4502 581 4591 et
596 4499 719 4565 Berytus.

1039 4580 1073 4630 1*

1250 462 1269 527 3

1081 638 1160 686 achr.
1181 640 1268 691 olymp.

1123 1607 1174 1659 617
1208 1608 1269 1661 404

1123 1746 1174 1799 608
1207 1748 1266 1801 431

1124 1887 1173 1940 601
1208 1888 1269 1941 444

1123 1959 1174 2011 505
1207 1959 1268 2011 462

1122 2098 1175 2151 570
1208 2098 1268 2152 523

1121 2519 1173 2574 595
1208 2519 1268 2575 633

1123 3379 1174 3424 499
1210 3377 1267 3423 sor
1314 3356 1318 3362 “

1123 3518 1173 3563 499
1210 3516 1269 3562 919

1124 3658 1174 3703 999
1210 3655 1270 3702 994

1125 3729 1175 3773 994
1211 3727 1279 3795 991ι

1126 3799 1176 3845 ara
1194 3798 1268 3845 1991

1126 3936 1269 3986 9991991

1126 4079 1176 4126 sao
1193 4077 1270 4123 1191
1336 4044 1337 4048 “
