3012 5062
250 386 286 442 64
712 386 820 437 Anatha
838 385 940 437 Romul

250 564 326 605 1.(1111,
371 576 417 605 uc.
660 575 663 580 ·
1013 588 1019 593 ·

268 617 321 673 395
368 618 421 675 359
461 619 503 670 Vl
512 620 568 670 trib.
585 620 636 670 uso
655 637 719 671 com.
736 630 787 684 pot.
806 616 918 681 (Lino,
931 616 982 682 24)
999 622 1102 684 patricii
1117 639 1205 686 omnes,
1230 641 1308 688 neque
1324 626 1403 677 windo
1476 668 1479 678 .

487 704 540 754 usq.
559 691 595 740 od
611 708 635 740 a.
653 687 707 741 379
725 708 749 740 a.
771 690 827 740 Otr.
843 691 947 754 plebeiis
963 709 1067 742 umus
1085 693 1159 744 bonos
1176 697 1324 746 conceditur.
1361 695 1404 749 Co

488 759 560 811 lonis
577 761 604 811 in
623 775 713 828 agrum
726 760 881 812 Volscorum
899 761 1019 812 mittitur.
1324 810 1326 814 .

268 830 321 883 394
369 830 422 883 360
463 831 504 881 VI
519 832 575 882 trib.
593 832 643 883 nil
662 850 726 882 com.
743 842 794 896 pot
813 820 884 891 (Liv.
904 830 934 894 5,
952 830 1012 895 26).
1046 832 1172 896 Faliscis,
1196 834 1342 888 aCamillo
1365 838 1404 889 ob

489 901 581 965 sessis,
599 917 652 968 pax
669 901 746 953 datur
763 902 923 968 petentibus.

269 971 322 1025 393
369 970 419 1024 361
458 969 519 1023 Cos.
538 971 568 1022 L.
587 972 707 1025 Valerius
727 971 839 1035 Potitus,
863 972 893 1023 P.
913 971 1050 1024 Cornelius
1067 973 1266 1042 Maluginensis,
1285 978 1333 1043 qni
1352 993 1403 1029 cum

489 1043 552 1094 vitio
570 1041 633 1094 lacti
646 1042 821 1106 abdicassent,
840 1043 873 1094 L.
886 1044 1018 1094 Lucretiae
1028 1044 1130 1108 Elaeos,
1148 1044 1203 1096 Ser.
1217 1044 1349 1112 Sulnioius
1363 1049 1402 1099 Co

487 1112 615 1173 omnus.)
655 1113 721 1181 Agri
737 1113 876 1166 Veientani
903 1117 1012 1180 septena
1037 1115 1129 1182 iugera
1155 1116 1226 1182 plebi
1249 1118 1402 1170 dividuntor.

490 1182 624 1243 Vitelliam
646 1184 697 1237 col.
719 1185 794 1235 Rom.
817 1186 844 1236 in
868 1199 915 1236 sno
939 1200 1002 1251 agro
1021 1184 1106 1252 Aequi
1127 1193 1288 1254 expugnant.
1334 1189 1402 1242 Ceus.

488 1254 518 1306 L.
537 1254 657 1322 Papirius
677 1257 703 1306 et
721 1253 751 1307 C.
770 1254 852 1307 Iulius
871 1254 944 1306 Iulus
963 1254 1033 1317 (suli.
1047 1255 1075 1307 P.
1090 1255 1193 1308 Cornel.
1207 1258 1402 1328 Maluginensis)

320 1338 324 1342 ·
488 1325 599 1377 lustrum
617 1325 733 1377 condunt
749 1325 793 1377 17.
813 1325 915 1388 (Censa
934 1324 1038 1378 159573
1057 1326 1166 1394 capita).
1298 1344 1302 1350 ’

270 1396 322 1450 392
370 1395 421 1449 362
459 1394 520 1447 Cos.
538 1396 571 1463 Lt
587 1396 701 1449 Valerius
712 1395 817 1460 Potitus,
837 1397 875 1447 M.
894 1397 1009 1449 Manlius
1024 1397 1199 1462 Capitolinus.)
1227 1399 1334 1452 Bellum
1353 1417 1403 1453 cum

490 1465 700 1519 Volsiniensibus
720 1468 802 1519 oritur
819 1467 889 1528 (cum
906 1467 1023 1520 Sutrium
1042 1471 1069 1519 et
1085 1468 1194 1535 Nepete,
1213 1470 1241 1521 in
1259 1474 1336 1522 tanta
1353 1488 1403 1539 per·

488 1537 635 1589 turbatione
653 1537 781 1601 Etruriae,
799 1538 973 1590 Romanorum
991 1538 1061 1590 faeta
1079 1538 1190 1602 essent),
1215 1540 1263 1592 sed
1280 1542 1367 1609 inseq.
1383 1559 1402 1594 a.

488 1609 661 1675 componitur.
697 1608 777 1660 Exitu
795 1608 857 1660 anni
873 1609 1018 1676 interreges
1036 1612 1231 1676 aegrotantibus
1250 1627 1307 1664 cos.

270 1678 320 1733 391
370 1678 422 1732 363
466 1677 506 1731 VI
521 1682 576 1730 trib.
595 1681 646 1730 mil.
665 1698 728 1730 cons.
746 1690 796 1745 pot.
815 1677 888 1742 (tir.
908 1678 939 1742 5,
956 1678 1006 1742 33)
1029 1679 1084 1732 Cal.
1105 1679 1212 1743 Quintil.
1236 1682 1340 1735 ineunt.
1375 1684 1403 1735 ll.

488 1749 583 1803 Furius
603 1749 728 1803 Camillus
746 1766 762 1801 a
778 1750 810 1802 t.
824 1750 954 1818 Appuleio
972 1750 1114 1803 Februario
1132 1752 1192 1804 trib.
1211 1753 1246 1819 pl.
1267 1758 1403 1807 accusatos

488 1821 521 1873 ob
539 1821 662 1889 praedam
674 1820 845 1873 Veientanam
862 1822 890 1872 in
909 1820 1016 1874 exilium
1035 1822 1095 1874 abit

268 1890 323 1945 390
371 1890 424 1944 364
466 1891 507 1943 VI
527 1894 582 1945 trib.
605 1894 655 1944 mil.
679 1911 743 1944 cens.
764 1903 825 1958 pot,
848 1892 916 1944 inter
938 1907 1004 1959 quos
1029 1895 1081 1945 tres
1104 1894 1180 1944 Fabii
1203 1893 1274 1956 (Liv.
1293 1894 1325 1958 5,
1350 1894 1403 1958 36).

488 1961 545 2014 Hoc
569 1977 636 2014 anno
659 1977 700 2015 res
722 1962 839 2014 Romana
862 1962 895 2014 ad
917 1963 1036 2015 ultimum
1059 1964 1203 2030 periculum
1227 1966 1307 2016 venit.
1344 1965 1404 2017 Nam

489 2032 568 2096 Galli,
581 2034 679 2085 omissa
692 2032 775 2086 Clusii
787 2032 931 2096 obsidione,
944 2032 1040 2085 infesto
1053 2035 1172 2086 exercitu
1180 2035 1289 2102 Romam
1303 2040 1402 2104 petunt:

455 2162 458 2167 .
489 2102 600 2155 Romani
617 2102 756 2155 adAlliam
773 2103 1403 2171 6111111111111111111111161111111(1176118611),
1446 2104 1449 2108 ’

490 2177 516 2225 et
538 2173 601 2241 fuga
622 2188 669 2241 per
685 2175 772 2226 vicina
793 2169 889 2242 oppida
911 2175 1022 2227 salutem
1045 2179 1179 2242 quaerunt.
1225 2176 1290 2228 Urbe
1314 2180 1404 2230 dmaru

490 2246 586 2311 capim
597 2263 615 2294 c
631 2244 714 2297 Collis
731 2248 758 2296 et
769 2245 924 2308 incenditur,
945 2245 1102 2313 Capitolium
1115 2248 1293 2300 tantummodo
1308 2248 1403 2301 deleme

489 2316 632 2368 iuventutis
654 2315 785 2383 praesidio
808 2318 835 2367 et
852 2316 885 2367 11.
904 2310 994 2368 llanlii
1013 2315 1182 2384 (Capitolini)
1201 2318 1296 2371 virtme
1324 2319 1404 2372 deien-

490 2386 567 2438 ditur.
593 2385 624 2438 In
641 2386 682 2439 his
700 2387 766 2454 reip.
785 2387 914 2454 angustiis
933 2388 1061 2439 maximus
1081 2389 1137 2442 eins
1156 2390 1250 2442 aetatis
1269 2390 1404 2458 imperator

492 2457 610 2508 Camillus
626 2456 724 2519 Ardea,
749 2471 800 2524 quo
819 2457 951 2509 exulatum
975 2458 1087 2522 abierat,
1109 2463 1246 2512 revocatur
1271 2464 1298 2512 et
1317 2463 1404 2513 iterum

384 2542 387 2548 ·
491 2527 602 2579 dictator
619 2527 728 2592 dicitnr,
749 2528 875 2596 magistro
899 2529 1014 2595 equitnm
1032 2528 1062 2580 L.
1076 2529 1180 2582 Valerio
1199 2530 1296 2583 Potito.
1336 2534 1405 2585 Hunc

490 2598 630 2665 scriptores
648 2598 759 2650 Romani
778 2599 856 2667 vulgo
874 2600 979 2650 uadunt
998 2599 1088 2652 Gallos
1112 2615 1192 2668 prope
1211 2602 1302 2654 urbem
1323 2606 1349 2655 et
1366 2619 1405 2671 ag·

490 2682 609 2736 gressum
628 2683 699 2732 esse,
725 2673 751 2720 et
773 2669 806 2720 ad
823 2670 1028 2723 internecionem
1046 2687 1129 2738 paene
1148 2672 1264 2736 delesse,
1290 2675 1339 2726 sed
1356 2674 1405 2726 sari

491 2739 602 2792 similius
621 2743 670 2803 est,
689 2740 820 2804 barbaros,
840 2756 899 2793 oum
917 2744 944 2792 et
961 2741 1012 2808 ipsi
1030 2742 1058 2792 in
1077 2742 1163 2794 diruta
1175 2742 1237 2795 urbe
1250 2744 1342 2812 inopia
1353 2760 1404 2813 pre·

489 2814 632 2873 merentur,
654 2814 718 2881 post
738 2826 786 2863 sex
809 2814 941 2879 septemve
964 2827 1067 2864 menses
1091 2825 1189 2879 accepto
1204 2817 1286 2879 pretio
1305 2815 1405 2868 domum

490 2881 584 2934 abisse.
620 2881 737 2933 Romana
754 2882 830 2946 urbs,
854 2882 955 2946 abieoto
973 2883 1084 2935 oonsilio
1098 2884 1177 2937 Veios
1201 2886 1345 2952 migrandi,
1368 2903 1405 2938 ce-

486 2952 579 3075 leriteg
591 2952 745 3075 rgstitnitnr.
777 2951 843 3005 Cum
858 2954 996 3005 Caeritibus
1013 2953 1154 3021 hospitium
1171 2954 1277 3022 publice
1295 2956 1404 3009 factum:

488 3023 544 3075 Liv.
581 3061 588 3086 ,
624 3023 650 3075 0.

268 3096 320 3150 389
368 3094 420 3150 365
463 3095 504 3146 VI
518 3096 575 3146 trib.
593 3095 643 3145 mil.
664 3112 727 3146 coss.
742 3104 795 3160 pot.
820 3093 890 3157 (Liv.
910 3093 934 3157 6,
957 3092 997 3157 l).
1035 3094 1209 3157 Romanis,xa
1234 3112 1345 3163 quornm
1369 3113 1405 3150 so·

487 3165 582 3217 cietate
600 3163 688 3217 Latini
706 3169 733 3216 et
750 3164 858 3217 Hernici
876 3164 987 3217 deficere
1006 3169 1162 3233 coeperunt,
1186 3166 1255 3218 bella
1273 3169 1405 3221 imminent

487 3251 503 3286 s
519 3234 624 3302 populis
643 3235 894 3288 circumiacentibus.
926 3236 1051 3300 Camillus,
1070 3236 1175 3288 tertium
1193 3237 1306 3290 dictator
1324 3240 1408 3293 dictus.

488 3306 565 3372 (mag.
585 3320 625 3372 eq.
639 3304 668 3358 C.
683 3306 793 3358 Servilio
810 3305 912 3371 Ahala),
932 3307 1052 3370 Volscos,
1070 3305 1185 3374 Aequos,
1204 3304 1332 3371 Etruscos
1348 3311 1404 3362 Tar-

487 3376 637 3443 quinienses
657 3380 768 3440 coercet,
788 3391 847 3429 cum
860 3377 958 3446 triplici
972 3377 1101 3444 triumpho
1114 3377 1192 3429 redit:
1212 3380 1337 3446 prudenti
1350 3396 1405 3433 con·

488 3446 548 3498 silio
566 3446 661 3497 ciuium
681 3459 802 3499 numerus
821 3452 938 3516 augetur,
956 3448 1119 3512 Veientibus,
1145 3448 1337 3516 Capenatibus,
1363 3453 1406 3504 Fa-

487 3516 561 3568 liscis
581 3516 687 3568 civitate
705 3517 839 3570 donandis.

268 3589 320 3644 388
369 3588 421 3642 366
464 3587 1004 3654 1711νί1.ηιίἱ.σο11.ροτ.(1111.6,4).
1045 3588 1172 3657 Agrariae
1195 3591 1262 3658 legis
1287 3590 1320 3643 de
1345 3592 1405 3644 divi·

489 3657 661 3781 (Ιοέᾱοιαςῐο
684 3659 823 3727 Pomptino
846 3676 928 3728 nuper
947 3661 1051 3713 Volscis
1075 3660 1195 3727 adempto
1219 3654 1318 3714 mentio
1342 3663 1372 3716 fit
1392 3680 1406 3713 a

268 3801 320 3855 387
370 3800 421 3854 367
464 3801 504 3854 VI
519 3803 575 3853 trib.
593 3801 643 3852 nril.
662 3819 725 3852 conr.
745 3811 798 3866 pot
822 3798 898 3863 (Liv.
918 3801 942 3864 6,
962 3800 1003 3863 5).
1044 3801 1143 3855 Horum
1169 3817 1294 3857 novorum
1314 3805 1406 3856 civium

487 3886 567 3924 causa
589 3872 607 3923 4
629 3872 711 3924 tribus
736 3870 866 3925 adduntur
888 3871 1038 3935 Stellatina,
1069 3872 1249 3937 Tromentina,
1275 3873 1406 3938 Sabatina,

486 3942 631 4006 Arniensis,
650 3944 680 3993 ut
697 3942 811 3995 omnium
830 3957 952 3996 numerus
973 3946 1045 3994 esset
1062 3942 1105 3994 25.

268 4011 321 4067 386
369 4011 421 4066 368
465 4015 504 4066 VI
519 4014 574 4066 trib.
593 4015 643 4064 mil.
663 4027 726 4064 oona
747 4024 800 4078 pot.
820 4012 897 4074 (Liv.
911 4012 942 4077 6,
960 4013 1000 4074 6).
1042 4013 1114 4065 Inter
1136 4013 1195 4066 trib.
1218 4012 1286 4066 1111.
1306 4015 1405 4068 13311-

486 4085 541 4136 rius
555 4083 680 4136 Camillos
700 4087 820 4150 quartum
833 4083 947 4147 excellit,
966 4084 1011 4151 qui
1024 4083 1154 4137 Satricum
1166 4084 1237 4152 capit
1249 4100 1284 4137 ex
1293 4085 1405 4149 Volscis,

487 4153 604 4221 Sutrium
622 4157 649 4206 et
665 4153 764 4221 Nepete
783 4157 874 4206 contra
892 4153 1018 4207 Etruscos
1036 4154 1161 4206 defendit.

267 4224 321 4280 386
368 4224 420 4279 369
462 4226 503 4277 VI
524 4226 582 4277 trib.
607 4225 657 4275 nil.
681 4244 744 4277 com.
771 4236 821 4291 pos.
846 4224 961 4288 (Linss,
982 4223 1040 4288 11)
1080 4225 1111 4276 A.
1138 4224 1276 4277 Coroebus
1302 4226 1404 4289 Cossus,

486 4295 598 4348 dictntor
620 4294 705 4348 nctus
729 4295 812 4365 (mag.
836 4309 876 4362 eq.
896 4295 926 4347 Τ.
945 4295 1069 4359 anctio
1093 4295 1273 4363 Capitolino),
1297 4296 1403 4351 Volscos

486 4366 581 4420 medlt.
618 4365 748 4419 Satricum
766 4367 870 4421 colonia
892 4366 942 4419 civ.
961 4367 1081 4423 mittitur.
1118 4365 1223 4419 Interea
1246 4366 1275 4420 in
1294 4369 1356 4421 urbe
1373 4366 1402 4423 11.
1485 4365 1486 4368 ’

486 4437 597 4496 Manlius
617 4436 796 4508 Capitolinus,
819 4437 880 4490 dnm
898 4438 1035 4492 obaeratos
1054 4438 1086 4490 de
1103 4437 1181 4507 plebe
1197 4438 1272 4520 cives
1292 4438 1402 4493 ambitio·
