3062 5064
587 428 712 505 mhistoriae
729 457 825 504 veteris.
1256 466 1289 508 rx

133 632 247 700 denique
265 644 377 685 coelom
398 633 512 685 Charisi
528 631 661 686 motulis
683 634 739 686 sire
756 634 929 695 Alexandrini,
953 647 1062 700 quorum
1080 632 1146 685 alter
1164 633 1196 685 ab
1214 634 1289 688 initio

131 734 220 771 rorum
239 733 322 786 usque
340 718 374 771 ad
392 735 415 771 a.
434 718 496 785 354,
514 721 580 773 alter
597 721 630 773 ab
650 735 681 772 eo
699 722 815 787 tempore
834 718 867 771 ad
885 734 908 770 a.
921 722 983 787 post
995 718 1055 772 Chr.
1067 722 1119 772 nat.
1139 719 1192 773 630
1209 721 1290 773 histo·

131 805 198 856 mam
217 804 335 858 deduxit.
366 806 543 859 Veruntamen
556 807 583 858 hi
601 807 751 875 scriptores,
770 806 822 857 nisi
838 805 905 857 forto
917 806 1072 858 aridissimis
1084 807 1229 874 priscorum
1242 807 1291 860 As·

132 891 265 957 syriorum
284 894 311 943 et
327 890 517 961 Aegyptiorum
540 907 631 960 regum
653 892 785 945 iudicibus
803 907 961 960 magnopere
980 892 1151 958 delectamur,
1173 897 1228 947 tum
1247 895 1290 947 de-

131 992 205 1031 mum
222 977 338 1030 maximo
356 979 417 1031 usui
434 993 494 1031 esse
512 979 649 1047 incipiunt,
667 993 727 1031 cum
745 978 778 1029 ad
796 978 912 1046 ipsorum
931 981 1043 1031 aetatem
1061 982 1088 1032 et
1104 979 1183 1032 finem
1195 981 1291 1033 veteris

131 1062 261 1116 historiae
284 1064 360 1119 nobis
382 1066 546 1133 propositum
563 1066 695 1117 uenimus.
736 1062 823 1116 hlium
846 1065 932 1117 locum
955 1066 1024 1118 iuter
1047 1066 1178 1134 praesidia
1196 1082 1292 1136 coguo-

132 1148 249 1203 sceudae
267 1150 393 1204 historiae
404 1152 498 1204 Socho
517 1151 569 1204 sibi
587 1151 711 1215 vindicat,
730 1165 886 1219 quamquam
906 1167 939 1203 ex
958 1152 1061 1205 diverso
1074 1169 1170 1222 genere
1183 1155 1292 1222 scripto-

130 1251 192 1288 rum
212 1239 260 1290 est.
288 1236 356 1290 Nam
373 1239 398 1291 is
412 1254 476 1299 ,cum
494 1238 609 1307 Augusti
626 1239 711 1290 aetate
729 1239 796 1291 situs
815 1241 942 1295 terrarum
960 1240 1107 1292 sturbium
1125 1240 1292 1304 describeret,

130 1323 163 1376 in
181 1338 213 1374 ea
230 1338 260 1374 re
277 1324 315 1376 ita
331 1327 451 1378 versatus
470 1328 519 1389 est,
537 1328 567 1379 ut
585 1324 663 1378 simul
680 1324 799 1392 plurima,
823 1338 890 1392 quae
909 1324 942 1377 ad
959 1325 1095 1378 historiam
1114 1327 1249 1379 civitatum
1267 1329 1293 1379 et

129 1424 278 1478 regnorum
296 1412 324 1462 et
342 1411 526 1464 excellentium
538 1413 653 1464 virorum
672 1413 830 1479 spectarent,
848 1410 982 1476 adiiceret,
1001 1413 1123 1480 quocirca
1140 1430 1173 1466 nc
1190 1412 1224 1467 iis
1237 1414 1293 1481 qui·

131 1495 206 1560 dem,
226 1496 272 1563 qui
290 1495 360 1551 solas
379 1512 422 1550 res
441 1501 530 1566 gestas
550 1513 710 1567 cognoscere
729 1497 843 1565 cupiant,
862 1498 1020 1552 omittendus
1039 1502 1088 1552 est.

206 1582 356 1636 Praemisso
373 1583 455 1653 igitur
477 1585 633 1654 scriptorum
656 1584 690 1637 ad
706 1584 855 1636 universam
872 1583 1009 1638 historiam
1026 1589 1143 1639 retorem
1160 1587 1291 1654 pertinen-

130 1670 200 1722 tium
224 1670 332 1734 notua,
356 1670 389 1723 ad
408 1685 454 1724 eos
477 1672 625 1736 veniamus,
647 1687 663 1723 a
686 1671 780 1739 quibus
804 1670 965 1738 singularum
988 1673 1105 1739 gentium
1128 1676 1293 1742 astutumque

131 1756 317 1825 cognitionem
340 1758 471 1825 petimus„
503 1757 558 1810 Iam
580 1757 692 1826 primum
710 1758 926 1824 ascoperam,
947 1758 1075 1825 imprimis
1093 1757 1293 1827 Aegyptiorum,

129 1842 283 1912 Lydorum,
305 1843 439 1897 Medorum
461 1845 664 1913 Persarumque,
686 1844 796 1897 historia
818 1844 941 1895 Herodoti
962 1843 1014 1897 fide
1036 1845 1139 1908 nititur,
1165 1847 1210 1913 qui
1233 1845 1294 1898 dum

130 1930 205 1983 bella
222 1931 292 1983 inter
306 1929 421 1985 Gmecos
434 1934 461 1984 et
472 1931 568 1985 Persas
587 1933 663 1999 gesta
682 1930 816 1993 describit,
835 1945 890 1982 rem
908 1930 987 1983 altius
999 1934 1121 2000 repetens
1132 1932 1209 1984 initia
1219 1935 1295 2001 regni

129 2017 276 2070 Persarum
300 2020 327 2069 et
351 2016 487 2070 historiam
504 2018 659 2086 populorum
681 2017 735 2070 illis
754 2016 943 2081 subiectorum,
968 2017 1053 2086 quoad
1071 2019 1113 2071 sui
1130 2019 1195 2072 iuris
1212 2023 1294 2085 erant,

129 2103 302 2171 persequitur
320 2102 467 2171 (Lydorum
479 2103 538 2156 libr.
550 2104 573 2167 1,
593 2120 676 2172 acap.
688 2102 787 2165 6-94,
805 2102 939 2155 Medorum
953 2103 1011 2156 eod.
1024 2104 1082 2157 libr.
1095 2120 1151 2173 cap.
1162 2104 1295 2170 95—130,

133 2189 332 2258 Aegyptiorum
348 2205 397 2257 per
412 2191 496 2245 totum
513 2189 609 2243 librum
627 2188 798 2251 secundum):
817 2188 884 2241 lenis
904 2191 931 2242 et
942 2188 1062 2257 placidus
1074 2194 1199 2255 narratu,
1218 2207 1295 2260 quae·
1353 2188 1355 2192 ’

58 2331 60 2334 ,
133 2289 241 2342 cunque
260 2277 305 2327 aut
323 2276 494 2344 comperisset
511 2279 557 2329 aut
574 2276 632 2344 ipse
650 2276 762 2329 vidisset
773 2274 888 2342 benigne
901 2274 977 2342 quasi
988 2276 1141 2344 impertiens
1153 2278 1294 2333 lectoribus

31 2395 33 2399 >
135 2362 202 2425 suis,
223 2365 251 2414 et
268 2361 360 2429 procul
377 2364 493 2414 remotus
512 2379 528 2415 a
545 2364 695 2431 suspicione
713 2364 851 2430 corruptae
871 2361 997 2414 veritatis.
1026 2362 1120 2415 Cetera
1137 2364 1169 2417 de
1186 2365 1295 2433 imperio

133 2448 277 2502 Persarum
296 2464 330 2501 ex
341 2449 454 2501 Diodoro
471 2451 606 2516 petuntur:
625 2450 658 2503 de
676 2450 731 2503 rita
748 2452 775 2501 et
786 2449 865 2501 rebus
886 2448 968 2516 gestis
979 2445 1134 2502 Adaxerxis
1146 2449 1173 2503 H
1191 2466 1212 2503 s.
1224 2451 1296 2505 hine·

134 2535 223 2588 monis
244 2534 385 2603 singularis
403 2534 508 2588 libellus
520 2535 652 2589 Plutarchi
670 2539 754 2590 extat:
774 2535 968 2604 expeditionem
987 2533 1050 2602 Gyri
1061 2536 1179 2601 minoris,
1196 2537 1296 2606 Lydiae

43 2643 46 2648 ·
135 2625 273 2690 satrapae,
297 2621 473 2674 contrahens
498 2637 600 2691 regem,
625 2622 730 2676 bahem
749 2638 840 2689 suum,
864 2638 878 2674 e
901 2621 1102 2690 locupletissimi
1118 2625 1195 2678 testis
1212 2626 1296 2678 Xeno·

132 2711 236 2776 pientia
253 2709 327 2761 libris
347 2710 448 2776 septem
464 2708 609 2761 Aeuom
626 2710 820 2778 cognoscimus,
838 2708 920 2762 multa
936 2708 1017 2760 etiam
1036 2724 1070 2761 er
1083 2707 1240 2764 Graecarum
1257 2729 1297 2765 re-

134 2794 386 2863 rum-scriptoribus
404 2794 570 2864 colliguntur,
596 2810 648 2849 non
666 2796 726 2850 data
744 2811 831 2864 opera,
852 2794 900 2847 sed
919 2796 1125 2863 quotiescunque
1142 2813 1185 2850 res
1202 2799 1240 2851 ita
1256 2801 1296 2851 tu-

136 2882 212 2945 lerat,
230 2896 276 2949 req
287 2881 425 2934 Persarum
444 2882 642 2950 attingentibus.
671 2882 745 2936 Nam'
757 2882 827 2950 quod
843 2881 913 2934 idem
925 2882 1063 2948 Xenophon
1081 2883 1213 2951 singulare
1230 2900 1296 2953 opus

138 2968 169 3021 de
184 2966 249 3036 Gyri
267 2966 393 3029 (maioris)
412 2967 466 3020 vita
483 2967 639 3034 composuit,
657 2983 688 3021 eo
707 2972 811 3022 constat
829 2968 987 3036 scriptorem
1006 2983 1059 3021 nou
1077 2969 1203 3023 historiae
1219 2969 1296 3023 fidem

139 3057 259 3106 secutum
277 3068 345 3117 esse,
364 3053 412 3106 sed
430 3053 576 3122 praeceptis
589 3054 645 3107 suis
657 3055 839 3108 auctoritatem
851 3054 967 3107 voluisse
980 3054 1132 3107 conciliare:
1152 3070 1186 3108 ex
1201 3056 1297 3108 Ctesias

139 3139 245 3207 quidem
267 3139 342 3192 libris
366 3158 444 3191 raram
463 3140 596 3192 Peraeam
619 3140 685 3194 nihil
708 3144 839 3194 servatum
861 3143 915 3204 est,
941 3143 1046 3210 praeter
1068 3154 1152 3207 pauca
1174 3146 1297 3210 excerpta

141 3225 210 3294 apud
228 3225 364 3289 Photium,
382 3240 436 3279 nou
454 3224 643 3280 conmmuenda
661 3227 708 3280 illa
725 3226 842 3296 quidem,
868 3228 916 3281 sed
933 3230 1049 3282 incertae
1067 3225 1141 3292 fidei,
1164 3244 1237 3293 cum,
1255 3245 1297 3282 oea
1329 3224 1334 3236 '

142 3313 205 3365 teris
225 3311 344 3380 perditis,
363 3314 478 3369 auctoris
497 3314 555 3367 luce
573 3316 687 3366 cusano.

214 3399 362 3452 &amoram
380 3414 422 3452 res
442 3402 531 3467 graus
549 3400 603 3469 ipsi
620 3400 761 3468 scriptores
775 3399 869 3454 Graeci
887 3400 1027 3454 memoriae
1046 3400 1216 3467 tradiderunt,
1234 3418 1296 3471 quo·

141 3502 196 3540 rum
215 3501 293 3539 nemo
311 3489 408 3550 umen,
431 3486 598 3555 quiquidem
616 3486 694 3540 hodie
712 3490 861 3553 supersunt,
884 3487 1034 3540 universam
1058 3489 1145 3556 gentis
1162 3489 1297 3543 historiam

143 3573 311 3641 conseripsit=
329 3573 470 3640 plurimum
488 3575 567 3643 spatii
584 3574 766 3642 complectitur
783 3574 940 3636 Plutarchus,
964 3574 1011 3641 qui
1027 3574 1095 3626 ritas
1114 3575 1297 3629 excellentium

143 3660 254 3713 uirorum
274 3661 300 3712 ct
314 3657 473 3713 Graecorum
492 3663 519 3714 et
531 3660 714 3724 Romanorum,
734 3660 876 3714 secuudum
895 3660 1079 3714 similitudines
1092 3660 1217 3728 quasdam
1229 3676 1298 3715 com-

145 3749 254 3812 pastas,
274 3745 423 3815 descripsit,
444 3744 603 3801 Graecorum
622 3748 728 3815 quidem
746 3749 868 3815 quattuor
887 3750 914 3800 et
931 3748 1034 3815 viginti,
1053 3764 1069 3799 a
1087 3747 1190 3800 Theseo
1209 3750 1236 3800 et
1245 3748 1299 3816 Ly·

146 3847 222 3901 curgo
241 3847 325 3900 usque
344 3832 378 3885 ad
394 3832 632 3901 Philopoemenem,
652 3849 728 3901 quem
746 3835 804 3902 ipse
824 3832 982 3887 Graecorum
999 3834 1119 3886 ultimum
1137 3834 1260 3902 appellat.

211 3920 299 3971 Primo
317 3920 435 3971 tutum
454 3921 572 3986 periodos
594 3936 677 3988 usque
700 3920 733 3974 ad
755 3921 868 3974 reditum
885 3919 1095 3984 heraclidarum,
1120 3921 1206 3988 gentis
1223 3921 1300 3974 initia

146 4007 169 4056 et
185 4007 263 4074 quasi
280 4006 420 4074 puoriuam
439 4008 590 4073 continens,
613 4008 748 4077 poetarum
767 4006 862 4060 fabulis
879 4008 918 4060 ita
936 4009 1061 4059 exornata
1079 4009 1133 4070 cst,
1156 4010 1187 4059 ut
1203 4007 1300 4061 frustm

147 4089 250 4157 laboret,
269 4093 315 4160 qui
333 4107 420 4147 rerum
438 4095 575 4149 veritatem
593 4096 625 4148 ab
643 4094 749 4163 ingenio
768 4096 903 4146 auctorum
921 4096 1043 4146 accurate
1061 4092 1210 4146 discernere
1228 4094 1298 4146 velit.

148 4173 195 4245 Sed
213 4180 237 4231 si
256 4179 315 4246 quis
333 4183 472 4249 propterea
493 4195 663 4249 quaecunque
686 4180 815 4234 derebus
834 4180 916 4248 gestis
935 4196 966 4232 ac
983 4179 1183 4247 migrationibus
1201 4180 1299 4246 prisco-

148 4277 200 4316 rum
217 4266 326 4318 heroum
345 4265 440 4318 tradita
459 4270 528 4331 sunt,
552 4271 683 4335 tamquam
701 4266 763 4320 ficte
781 4266 873 4335 procul
891 4267 923 4319 ab
940 4266 1049 4319 historia
1065 4263 1222 4318 removenda
1239 4279 1299 4316 cen·

13 4378 14 4389 ,
126 4382 128 4386 s
149 4354 207 4415 scat,
225 4366 385 4421 magnopere
402 4350 515 4416 fallatur,
534 4358 560 4408 et
579 4354 723 4417 historiam,
742 4368 820 4420 quam
838 4353 902 4406 velit
919 4369 935 4405 a
951 4352 1045 4406 fabulis
1062 4365 1182 4420 purgare,
1206 4349 1300 4404 firmis·

151 4435 217 4492 simis
240 4438 418 4492 mammenus
441 4439 533 4506 privet.
557 4423 664 4506 ¹Neque
688 4439 757 4491 euim
779 4439 831 4492 ista
854 4442 916 4492 sunt
937 4439 1071 4507 poitarum
1092 4436 1230 4503 figmenta,
1253 4436 1301 4489 sed

152 4517 220 4576 initia
237 4525 377 4589 historiae,
401 4523 581 4578 cumGraeca
602 4540 668 4594 gens
690 4525 741 4578 hoc
759 4527 819 4576 aute
837 4526 948 4587 ceteras,
970 4539 1035 4592 quas
1052 4522 1185 4586 novimus,
1210 4537 1300 4576 omnes
