3062 5064
433 512 521 562 Graeci
540 529 615 574 usque
634 515 666 563 ad
684 532 741 563 ann.
764 519 811 578 Ι581
833 535 855 566 1.
869 517 925 567 Chr.
1224 521 1257 577 19

96 746 200 797 Eodem
218 743 274 796 iere
293 730 409 812 ternpore
428 744 527 809 Iphitus
543 743 624 796 Eleas
641 744 717 799 ludos
736 745 888 814 Olympicos
907 748 1020 801 instituit
1080 695 1154 803 ιι10841ῗῆ
1170 697 1257 748 Omma.

98 815 223 868 Victores
236 815 331 867 horum
349 813 468 877 ludorum
487 814 582 867 litteris
601 817 796 884 consignantur,
814 833 848 869 ex
860 833 911 885 qao
924 817 1057 872 Coroebus

133 886 215 938 Eleus
236 900 315 937 cursu
334 885 409 955 vicit
725 947 728 951 ἴ
831 916 834 921 »
1093 889 1145 942 776
1212 891 1254 944 11

100 957 162 1004 Inde
182 956 343 1016 Olympiades
361 961 526 1014 numerantur,
551 957 637 1014 quinto
661 970 758 1015 quoque
780 972 844 1004 anno
867 960 945 1005 media
966 966 1059 1008 aestate

134 1029 331 1074 concelebratus.

98 1095 211 1150 Athenis
231 1097 371 1148 archontes
388 1095 543 1147 decennales
562 1096 741 1161 instituuntur,
759 1099 858 1165 primus
878 1099 974 1151 archon
991 1098 1057 1152 Cha·
1108 1105 1116 1117 ’

133 1183 197 1235 rops
216 1164 343 1232 Aeschyli
360 1165 377 1216 f.
1091 1171 1144 1226 752
1209 1174 1254 1227 71

72 1236 73 1239 ’
96 1238 167 1290 hiare
195 1254 243 1305 per
266 1236 445 1304 duodeviginti
472 1251 554 1288 annos
578 1236 694 1289 obtinere
717 1238 848 1307 incipiunt
868 1239 964 1292 Milesii
987 1241 1056 1293 colo·

132 1309 240 1375 niisque
260 1306 403 1359 condendis
421 1305 516 1358 florent
1091 1312 1144 1366 750
1210 1314 1256 1375 73

98 1376 206 1442 Phidon,
226 1393 273 1429 rex
290 1377 413 1445 Argivus,
432 1377 480 1444 qui
498 1378 596 1444 primus
615 1392 751 1431 mensuras
769 1380 902 1433 invenisse
921 1384 948 1432 et
965 1397 1056 1449 argen-

133 1454 191 1501 tum
211 1450 331 1525 signasse
349 1446 467 1511 traditur,
483 1447 562 1500 iloret
1092 1454 1144 1507 748
1211 1455 1254 1516 81

100 1519 221 1592 Corinthi
233 1520 321 1571 occiso
334 1518 439 1570 Teleste
451 1534 513 1588 rege
526 1520 606 1571 annui
617 1522 741 1588 prytanea
754 1520 932 1573 instituuntur.
952 1520 1055 1574 Primus
1208 1583 1211 1589 ,

137 1606 228 1642 eorum
245 1588 405 1641 Automenes
1092 1593 1145 1646 748
1210 1594 1254 1647 81

102 1693 302 1747 Lacedaemonii
318 1694 431 1762 primum
449 1709 508 1745 oum
525 1695 658 1746 Messeniis
675 1695 772 1747 bellum
789 1694 971 1763 ingrediuntur
1091 1698 1144 1763 743
1211 1699 1255 1751 92

44 1776 57 1794 *
136 1766 223 1832 iisque
245 1764 364 1829 tandem,
387 1765 486 1817 Ithome
511 1768 600 1833 capta,
623 1766 700 1819 rictis
724 1767 908 1834 gravissimum
929 1767 1054 1820 tributum

136 1837 274 1903 imponunt
493 1868 499 1879 ·
1091 1838 1143 1891 724
1194 1839 1278 1890 141’

98 1905 164 1959 Eius
184 1907 247 1958 belli
263 1910 379 1974 tempore
396 1907 562 1973 Theopompus
573 1922 621 1958 ren
639 1907 793 1974 ephororum
809 1909 965 1976 potestatem
979 1907 1056 1975 Spar-

134 1980 180 2028 tae
198 1978 319 2029 instituit.
577 2018 582 2025 .

100 2048 234 2098 Parthenii
250 2047 446 2100 Lacedaemone
469 2046 579 2114 proiecti
597 2046 740 2115 Phalantho
760 2047 825 2100 duce
847 2048 977 2100 Tarentum
996 2065 1056 2101 con·

134 2118 201 2170 dunt
1091 2120 1143 2174 708
1193 2121 1253 2175 181

98 2189 239 2241 Rebellant
247 2187 371 2243 Messenii
381 2187 447 2241 duce
457 2188 608 2239 Aristomene
619 2186 774 2251 (secundum
784 2189 844 2241 bell.
854 2189 1053 2254 hlesseniacum)
1092 2191 1143 2244 685
1192 2191 1255 2245 234

99 2260 225 2311 Messenii
244 2258 399 2311 adiuvantur
417 2274 433 2309 a
450 2259 561 2324 Pisatis,
583 2258 743 2324 Arcadibus,
765 2259 872 2326 Argivis
878 2299 886 2325 ,
908 2261 1004 2314 Laced.
1022 2262 1054 2313 ab

99 2363 103 2368 -
132 2330 207 2382 Eleis
226 2333 253 2381 et
271 2327 422 2381 Corinthiis.

100 2400 223 2467 Tyrtaeas
244 2397 413 2451 Atheniensis
437 2399 547 2456 canticis
575 2399 731 2452 militaribus
754 2400 948 2468 recitandisque
971 2401 1054 2470 elegis
1133 2450 1140 2459 ,

131 2468 399 2522 Lacedaemoniorum
417 2468 514 2523 fractos
533 2469 633 2522 animos
653 2469 686 2522 ad
703 2470 801 2523 bellum
813 2470 899 2527 acrius
912 2472 1055 2540 gerendum

46 2543 50 2550 '
134 2542 266 2592 excitasse
285 2540 380 2592 dicitur
1091 2543 1143 2597 683

98 2612 214 2675 Pisatae,
233 2611 299 2662 duce
313 2606 493 2674 Pantaleonte‚
512 2609 690 2663 desciscentes
703 2610 735 2663 ab
747 2606 828 2674 Eleis,
846 2610 898 2679 ipsi
911 2612 1054 2680 Olympicis

133 2681 204 2734 ludis
222 2684 349 2748 praesunt
367 2678 482 2743 (Strab.)
1090 2684 1142 2737 672
1190 2684 1251 2737 271

94 2751 189 2820 Argivi
208 2752 356 2819 superiores
374 2749 589 2803 Lacedaemoniis
608 2748 636 2800 in
654 2765 743 2817 pugna
761 2749 794 2803 ad
811 2750 909 2814 Hysias
933 2750 1033 2814 (Paus.)
1089 2754 1141 2808 669
1191 2755 1255 2808 274

95 2824 141 2874 Ira
159 2822 349 2874 Messeniorum
368 2837 415 2872 arx
433 2836 448 2872 a
466 2820 562 2871 Laced.
582 2818 697 2887 capitur,
721 2836 779 2872 cum
798 2819 988 2886 Aristocrates,
1009 2823 1055 2875 Cr·

131 2893 253 2945 chomani
270 2908 326 2956 rex,
345 2893 432 2944 socios
451 2890 596 2955 fefellisset,
618 2892 675 2958 ipse
695 2906 752 2942 cam
771 2891 803 2943 ob
822 2906 929 2945 causam
947 2894 1053 2945 ultimus

130 2979 180 3015 rex
197 2962 329 3015 Arcadum
1090 2961 1141 3014 668
1190 2961 1251 3014 281

96 3032 212 3102 Gorgus,
230 3032 405 3087 Aristomenis
424 3029 506 3094 filius,
531 3034 558 3082 11
575 3029 711 3083 hlauticles
730 3045 764 3081 ex
782 3029 938 3094 Iamidarum
956 3031 1055 3083 familia

129 3120 190 3156 curn
202 3104 340 3157 Messeniis
358 3103 386 3154 in
404 3101 506 3153 ltaliam
525 3101 650 3169 navigant
662 3100 695 3151 ad
708 3100 850 3168 Rheginos.
878 3102 1052 3169 1111411111-

66 3220 68 3225 .
130 3190 221 3227 menes
241 3174 361 3226 Rhodum
384 3188 412 3229 se
437 3171 538 3225 conlert
561 3171 595 3223 ad
613 3171 785 3240 Damagetum
803 3187 940 3240 generum,
964 3188 1053 3243 regem

131 3245 223 3312 Ialysi.

97 3350 209 3417 Propter
232 3348 377 3400 discordias
396 3346 564 3398 *domesticas
589 3344 767 3399 Chersicrates
792 3362 826 3398 er
848 3346 1053 3400 Bacchiadarum

130 3435 228 3489 genere
248 3418 374 3471 Corintho
393 3418 523 3469 coloniam
541 3416 647 3469 deducit
666 3416 807 3484 Corcyram
1090 3418 1142 3473 785
1191 3419 1253 3472 112

94 3490 216 3553 Archias,
236 3490 299 3541 item
317 3504 351 3541 ex
362 3488 526 3550 Bacchiadis,
546 3487 635 3541 111111
652 3487 798 3554 Syracusas
816 3488 844 3540 in
863 3487 963 3552 Sicilia,
981 3491 1053 3556 post·

129 3577 210 3630 quam
230 3575 297 3611 anno
316 3563 375 3611 ante
395 3558 581 3610 Chalcidenses
600 3557 703 3622 Naxon,
721 3560 832 3626 primam
845 3558 1004 3615 Graecorum
1024 3560 1052 3611 in

129 3631 225 3685 Sicilia
243 3631 371 3682 coloniam
390 3629 553 3681 deduxerunt
897 3670 900 3674 .
1088 3629 1141 3685 784
1190 3630 1253 3684 113

95 3701 228 3754 Proelium
247 3701 338 3752 navale
358 3700 576 3823 antiffiuissimum
593 3699 662 3750 inter
675 3684 823 3751 Corinthios
842 3702 869 3751 11
881 3698 1051 3767 Corcyraeos,

128 3772 256 3825 classium
275 3774 400 3839 apparatu
438 3774 545 3822 orentes.
560 3768 700 3836 (Thucyd.)
986 3792 989 3799 r
1088 3769 1141 3824 665
1189 3768 1254 3823 284

99 3843 232 3909 Cypselus,
256 3846 373 3893 materno
396 3856 491 3910 genere
514 3840 719 3892 BacchIadarum
740 3840 864 3892 familiam
887 3841 1058 3909 contingens,

129 3920 259 3981 tyrannus
278 3911 308 3964 fit
327 3911 445 3963 Corinthi
464 3911 525 3978 (per
542 3910 578 3963 30
596 3925 678 3963 annos
696 3911 791 3963 leniter
807 3909 916 3978 regnat)
1087 3910 1139 3964 655
1187 3910 1253 3964 812

95 3983 158 4036 Eius
178 3986 252 4035 metu
270 3982 425 4035 Demaratus
445 3981 595 4033 Corinthius
614 3982 641 4033 in
659 3981 808 4034 Hetruriam
828 3982 915 4034 abisse
933 3980 1051 4047 traditur,

130 4054 278 4121 Tarquinii,
297 4051 408 4104 Romani
425 4053 507 4120 regis,
525 4055 606 4119 pater.

97 4123 227 4177 Corinthii
246 4128 273 4176 et
291 4123 432 4190 Corcyraei
451 4123 621 4175 communiter
640 4121 754 4173 condunt
771 4121 944 4189 Epidamnum
1014 4154 1019 4159 -
1089 4120 1140 4176 825
1188 4120 1253 4175 384
1300 4136 1302 4141 ·
1353 4175 1357 4181 ,

98 4193 212 4263 Cypsela
231 4194 301 4246 filius
314 4195 452 4245 Periander
469 4193 595 4256 11111111,
614 4193 777 4259 suspiciosus
796 4196 823 4244 ei
840 4192 953 4246 crudelis
965 4193 1050 4247 iactus
1088 4190 1141 4246 625
1188 4191 1253 4245 384

131 4265 244 4318 11111111
265 4264 424 4331 Thrasybuli
444 4263 547 4316 Milesii.
588 4261 761 4330 (Lycophron
778 4263 913 4316 Periandri
935 4263 971 4315 fil.
991 4280 1052 4317 con·

130 4340 230 4401 tamar,
249 4334 434 4402 aCorcyraeis
452 4333 643 4401 interemptus.)
670 4334 728 4387 Per.
748 4335 856 4388 moritur
867 4337 929 4402 post
940 4346 1050 4403 regnum

130 4407 165 4459 40
184 4421 312 4459 annorum
1088 4397 1139 4473 585
1187 4399 1253 4453 484

94 4475 118 4531 A
130 4476 331 4546 Psammeticho¹
345 4475 391 4542 qui
410 4474 435 4527 ei
453 4477 625 4539 successerat,
645 4472 774 4526 Corinthii
790 4474 819 4526 in
833 4474 979 4526 libertatem
992 4489 1051 4528 sese

128 4549 272 4613 vindicant,
290 4547 330 4598 ita
346 4548 377 4598 ut
393 4546 532 4612 potestatis
550 4547 632 4598 maior
648 4559 710 4612 pars
728 4559 809 4612 penes
826 4545 967 4611 optimates
985 4546 1020 4596 sit
1087 4538 1137 4592 581
1187 4540 1253 4595 194

1018 4626 1052 4676 2*
