3062 5064
652 358 744 407 ludaei
763 359 837 421 Lydi.
1307 366 1323 423 5

681 535 686 543 “
799 538 804 547 ’
1146 541 1221 582 aoht.
1317 572 1323 583 .

291 587 405 654 Repetam
422 588 497 640 Indu.
575 646 580 653 ⁸
642 584 650 663 t
781 589 894 655 Repetam
912 590 1001 644 Israel.
1235 543 1315 595 olymp

160 659 234 706 Usia.
253 658 358 707 lotham.
665 661 792 708 Iercbeam
809 661 841 706 ΙΙ.
879 660 1002 711 flacheria
1036 663 1121 713 Schul-

161 730 239 780 Alaus.
266 729 365 791 Assyrii
381 730 544 779 dominantur.
700 732 761 785 lum,
783 731 920 791 Menuhem,
940 734 1056 793 Pekaiah‚
1076 737 1121 785 Pe-

677 804 758 861 'kuh,
789 802 945 863 Assyriorum
957 808 1009 866 regi
1022 808 1121 867 Tiglath

700 873 794 921 Pilesar
810 876 922 925 subiecti.
958 878 1051 937 Horou,
1075 877 1120 926 Sa·

701 946 778 992 maria
790 952 939 1006 expugnatu,
953 962 969 994 a
980 947 1120 999 Salmanas·

700 1030 753 1063 sare
777 1022 862 1076 captus
880 1031 930 1064 una
953 1034 1009 1067 cum
1031 1036 1121 1081 magua

700 1087 787 1147 populi
809 1093 877 1148 purte
901 1090 927 1136 in
950 1091 1051 1140 exilium
1075 1094 1119 1140 du-

162 1153 269 1201 Histriae
286 1167 301 1199 a
320 1150 486 1200 Sanscharibu
508 1160 622 1202 vexatur.
701 1159 765 1206 citur
793 1191 1118 1210 .............
1174 1165 1224 1215 722

161 1225 285 1272 liunasss.
312 1222 401 1269 Amen.
428 1224 505 1270 Iasius
524 1226 554 1270 ab
572 1225 621 1283 Ne·

145 1340 148 1345 ,
199 1296 278 1341 chono
295 1294 418 1353 Aegyptio
443 1296 531 1343 vietus.
566 1296 621 1342 loa·

199 1367 272 1422 chas,
303 1365 408 1413 Ioiukim
436 1366 467 1413 ab
490 1366 620 1427 Aegyptiis

199 1436 395 1495 Babyloniisque
440 1438 620 1486 decertantibus
726 1493 734 1499 .

103 1563 107 1567 ¹
200 1499 350 1567 premuntur,
375 1513 400 1557 et
417 1507 522 1556 Ioiakim
540 1524 555 1555 a
572 1510 620 1557 Ne-

200 1579 367 1625 huaadueuare
386 1593 440 1624 cum
453 1586 522 1639 parte
533 1579 620 1640 populi

203 1648 346 1696 inexilium
365 1650 496 1701 mittitur..

167 1718 292 1782 (Exilium
315 1720 494 1781 Babylonicum
520 1724 552 1770 70
577 1737 620 1769 au·

200 1788 301 1852 uorum)
319 1823 566 1843 ..........
585 1826 592 1847 ,
613 1824 1112 1844 ..................
1169 1799 1220 1844 606

162 1862 273 1908 Ieiuniis
291 1867 316 1908 et
327 1861 432 1908 Zedekiu
448 1864 552 1910 similem
569 1879 620 1911 son-

199 1936 248 1979 teru
266 1933 364 1979 habent
1384 1982 1387 1988 ,

161 2003 295 2050 Ierusalem
313 2005 451 2051 incenditur
476 2036 1112 2056 .......................
1169 2008 1218 2057 588

161 2073 241 2135 cyrus
266 2075 382 2132 antiquas
404 2076 473 2122 sedes
496 2077 563 2135 genti
581 2090 619 2123 ro-
973 2084 976 2088 ‘
1027 2118 1030 2122 .
1289 2090 1292 2094 ·

198 2138 280 2192 stituit
316 2176 1113 2200 .............................
1168 2149 1218 2197 636

161 2217 293 2276 Templum
310 2216 561 2277 Hierosolymituuum
581 2232 619 2264 re-
891 2226 894 2232 '

198 2289 310 2335 stituitur
342 2320 368 2346 .⁴
370 2318 872 2335 ..................
876 2338 879 2341 ,
892 2319 1110 2334 .........
1166 2287 1218 2334 1514

352 2495 378 2548 4.
415 2490 542 2549 Gnarus
561 2493 655 2553 Asrsu
675 2508 811 2563 urseris,
834 2504 1010 2550 nomineris
1031 2490 1125 2553 Liui.
1156 2453 1161 2463 ι

163 2640 258 2691 Teucer
275 2641 321 2691 aut
337 2637 473 2706 indigena,
496 2639 592 2707 quippe
610 2641 655 2707 qui
673 2634 826 2691 Scamandri
845 2641 871 2691 et
888 2638 950 2691 Idae
968 2637 986 2690 f.
1005 2638 1114 2703 dicatur,

196 2712 242 2761 aut
260 2725 294 2761 ex
311 2708 398 2762 insola
416 2707 494 2761 (treta
511 2710 642 2776 profectus
654 2709 689 2762 'in
701 2710 786 2777 Mysia
804 2710 880 2762 sedes
899 2710 1019 2777 posuisse
1033 2710 1115 2762 fertur

197 2778 245 2844 (ab
262 2781 366 2847 Aesepo
390 2795 465 2832 amne
488 2795 570 2849 usque
589 2781 623 2834 ad
641 2796 670 2833 os
691 2779 788 2845 Caici),
812 2781 935 2849 gentique
955 2780 1115 2833 Teucrorum

195 2866 292 2904 nomeu
309 2851 421 2903 dedisse.
944 2876 946 2880 ,

158 2924 299 2976 Dardanae
322 2937 355 2973 ex
378 2921 490 2973 Thracia
512 2922 619 2974 colones
643 2921 748 2974 adducit
775 2924 802 2972 et
824 2922 895 2990 ragis
915 2921 1011 2973 Teucri
1034 2936 1115 2988 gener

196 2993 282 3045 factus
301 2993 409 3044 alterum
429 3008 522 3045 nomen
541 2994 591 3045 toti
606 2994 679 3061 genti
697 2993 816 3061 imponit

158 3064 346 3119 Erichthonius
365 3066 425 3131 post
443 3079 501 3115 eum
520 3068 620 3132 regnat.

155 3136 236 3199 -Troe,
256 3135 350 3186 Troiae
368 3135 440 3186 urbis
459 3134 585 3198 eonditor,
610 3133 678 3187 unde
697 3132 802 3186 tertium
821 3133 893 3200 genti
912 3146 1006 3184 nomen
1025 3130 1114 3183 Troia·

118 3267 135 3278 „
196 3221 297 3269 norum,
315 3204 411 3257 bellum
430 3206 498 3273 gerit
516 3220 574 3258 cum
595 3204 714 3269 Tantalo,
732 3219 794 3272 rege
814 3204 907 3272 Sipyli.

158 3279 228 3340 lue,
252 3276 329 3329 Trois
348 3274 384 3327 fil.
403 3274 488 3339 (unde
507 3277 583 3329 Ilium
601 3274 738 3339 vocatur),
764 3275 869 3327 Tantali
890 3274 972 3326 filium
991 3273 1115 3341 Pelopem

196 3364 231 3399 er
244 3347 308 3399 Asia
325 3347 404 3409 eiicit,
423 3362 488 3414 quae
507 3351 691 3417 perpetuarum
708 3347 777 3399 inter
795 3350 930 3414 utramque
949 3348 1054 3413 gentem
1065 3345 1114 3396 ini-

194 3418 351 3473 micitiarum
369 3432 448 3470 causa
465 3416 503 3470 fit.
1157 3410 1169 3431 ⁸

157 3490 301 3540 Laomedon
318 3489 457 3557 Pergama,
482 3488 553 3540 urbis
572 3503 673 3552 arcem,
694 3487 794 3540 condit:
819 3487 852 3539 ah
870 3486 1043 3553 Argonautis,
1067 3482 1114 3537 im·

194 3560 286 3628 primis
311 3560 344 3611 ah
367 3559 492 3623 Hercule,
520 3558 588 3611 bello
612 3559 723 3626 petitus,
751 3559 807 3627 ipse
831 3574 890 3611 cum
912 3556 986 3620 filiis,
1012 3559 1115 3624 praeter

195 3631 334 3693 Priamum,
354 3635 416 3683 natu
434 3631 577 3693 minimum,
596 3630 731 3682 occiditur.
829 3651 834 3658 ·

157 3701 262 3754 Priamo
279 3704 405 3769 regnante
424 3700 503 3754 Troia
521 3717 536 3753 a
555 3699 663 3753 Graecis
682 3702 847 3768 expugnatur
864 3713 894 3749 ac
913 3697 1024 3749 diruitur
1136 3697 1227 3760 (1184)

158 3842 287 3910 Pteyyiae
309 3857 387 3910 reges
412 3840 587 3909 antiquissimi
611 3841 698 3892 Μίάαε
720 3866 755 3876 -
778 3837 892 3892 Gordius
916 3864 951 3874 -
973 3852 1056 3904 usque
1079 3836 1113 3889 ad

194 3913 291 3966 Midam
309 3912 340 3976 V,
364 3913 439 3965 cuius
461 3912 531 3965 filius
554 3913 682 3964 Adrastus
705 3911 787 3962 fuisse
810 3911 916 3971 dicitur,
941 3923 992 3976 quo
1011 3911 1112 3961 mortuo
1166 3907 1219 3961 620

196 3983 310 4038 Croesus
328 3984 470 4052 Phrygiam
488 3998 568 4052 regno
586 3983 685 4050 Lydiae
705 3978 811 4033 addidit.

159 4126 229 4194 Lydi
246 4128 324 4177 antea
341 4124 464 4178 liaeones
483 4124 555 4189 dicti,
574 4138 590 4175 a
607 4123 681 4192 Lydo
694 4122 772 4189 Atyis
789 4120 844 4175 filio
854 4101 1035 4173 nominantur.
1062 4118 1113 4172 Eo·

196 4212 254 4249 rum
271 4211 348 4264 reges
368 4196 543 4263 antiquissimi
562 4210 595 4248 ex
612 4196 772 4263 Atyadarum
791 4193 888 4246 familia
906 4195 968 4244 sunt
986 4189 1114 4312 usqueacd
1151 4257 1220 4311 ΜΟ

992 4277 1033 4313 an.
1052 4276 1114 4312 cir.

159 4336 311 4392 Succedunt
322 4336 486 4400 Heraclidae,
505 4350 614 4403 quorum
626 4337 724 4403 primus
736 4333 836 4402 Agron-
853 4333 969 4400 abnepos
981 4331 1110 4394 Herculis,

195 4407 303 4463 dumus
323 4406 406 4472 (alter
423 4411 451 4460 at
467 4405 565 4471 vices.)
584 4405 739 4470 Candaules,
764 4405 846 4471 Myrai
862 4402 941 4467 filius,
965 4403 1069 4461 occisus
1087 4417 1110 4452 a
1165 4397 1217 4452 719
1252 4398 1313 4454 164
