3012 5062
219 454 253 511 56
682 454 788 503 Annales
805 454 908 502 Romani

221 687 372 754 Tarquinio,
391 685 565 754 persicarios
583 683 1054 753 allarciisconductosregnianno
1073 684 1173 739 38.in-
1211 632 1298 673 eur.
1325 643 1349 672 η’
1363 644 1383 672 θ’

255 756 377 820 ιιιιιιιο,
397 756 515 810 succedit
530 756 589 808 sine
607 759 709 823 patrum
729 756 896 837 auctoritate,
916 756 962 808 sed
981 757 1064 823 plebis
1083 757 1173 809 solun-

230 833 309 881 tate
327 844 374 880 rex
392 828 493 879 Seruius
515 827 612 878 Tullius
1228 828 1283 882 578
1330 830 1385 882 176

220 900 423 964 Esquilinamet
412 899 582 950 tViminclem
606 898 721 948 montem
743 897 801 948 urbi
825 896 909 961 addit,
932 913 1056 965 muroque
1079 899 1172 966 cingit:

255 971 343 1036 itaque
362 985 421 1021 eum
439 969 510 1021 urbis
529 969 653 1020 ambitum
672 967 760 1031 efficit,
779 968 823 1034 qui
842 937 934 1034 post’ea
952 968 997 1020 diu
1015 970 1119 1021 mansit.

220 1041 350 1109 Populum
368 1040 396 1090 in
415 1039 431 1093 5
450 1040 549 1092 classes
569 1042 596 1091 et
609 1038 660 1090 170
674 1037 852 1090 centurias'ex
865 1053 946 1091 censu
960 1038 1100 1103 distribuit,
1119 1041 1174 1107 qui·

147 1167 150 1173 ,
256 1112 306 1163 bus
326 1111 457 1163 exercitus
475 1109 596 1178 pedester
615 1108 768 1172 efficeretur,
787 1109 828 1160 his
846 1108 983 1162 adiunctae
998 1110 1030 1163 18
1044 1112 1175 1163 centuriae

258 1180 382 1249 equitum.
424 1181 482 1234 Una
501 1181 619 1233 centurie
636 1195 778 1247 pauperum
798 1195 818 1231 s.
838 1180 1036 1247 proletaricrum
1052 1183 1175 1234 immunis
1200 1243 1203 1248 ,

258 1252 351 1303 militia
369 1254 417 1303 est.
1202 1288 1207 1291 -

222 1322 295 1375 Idem
312 1322 415 1389 plebem
432 1322 460 1373 in
479 1323 681 1388 trigintarribnr,
699 1320 851 1385 4urbanas,
870 1320 904 1373 26
917 1322 1038 1386 rusticas,
1057 1337 1105 1389 pro
1123 1308 1175 1375 sud

258 1408 379 1461 agrorum
397 1392 537 1445 distribuit.
566 1390 693 1458 (Dionys.
709 1392 735 1455 4,
755 1390 812 1453 15.)
1201 1406 1208 1419 .

223 1463 322 1516 Fanum
336 1463 434 1517 Dianae
447 1464 545 1515 Romae
564 1478 579 1513 a
591 1463 692 1515 Latinis
710 1463 858 1531 populoque
871 1462 989 1515 Romano
1007 1465 1177 1516 communiter

260 1533 418 1598 aedificatur,
443 1538 565 1601 tanquam
584 1537 778 1585 monumentum
796 1534 938 1586 societatis.

227 1606 376 1670 Tarquinius
394 1606 533 1671 Superbus,
560 1604 643 1656 Prisci
663 1604 798 1671 Tarquinii
816 1604 886 1656 filius
905 1620 1031 1673 neposve,
1056 1602 1176 1660 Servium

198 1714 200 1725 .
259 1692 356 1745 regem,
369 1692 489 1729 socerum
501 1691 586 1739 suum,
600 1691 680 1743 ¹regno
693 1675 762 1742 quod
774 1689 821 1742 per
832 1676 866 1727 44
880 1690 962 1728 annos
975 1675 1176 1742 administrarat,

260 1748 364 1815 vitaque
382 1749 475 1816 privat,
496 1750 522 1799 et
539 1746 661 1799 ferociter
678 1749 770 1813 regnat
788 1761 869 1798 annos
888 1745 922 1799 25
1158 1771 1160 1775 «

226 1818 331 1871 Certum
345 1822 371 1871 et
382 1823 536 1887 perpetuum
549 1818 639 1870 foedus
652 1818 739 1885 iungit
751 1832 809 1868 cum
821 1817 922 1870 Latinis
935 1817 1039 1885 populis
1053 1816 1176 1885 (priscis),

260 1894 289 1941 ut
306 1891 466 1957 principatus
486 1903 567 1956 penes
580 1889 711 1940 Romanos
725 1891 803 1952 esset,
821 1888 891 1955 iique
904 1889 1083 1955 praesiderent
1095 1891 1177 1942 sacris

260 1961 288 2011 in
306 1958 407 2012 Albano
426 1963 513 2012 monte
531 1958 666 2011 faciendis.
813 1978 816 1985 ·

227 2029 330 2083 Bellum
349 2035 436 2082 moret
453 2029 578 2082 adversus
591 2030 717 2092 Volscos,
740 2030 772 2081 ab
790 2029 874 2095 iisque
894 2029 1018 2081 Suessam
1036 2030 1179 2082 Pometiam

265 2101 343 2167 capit,
358 2101 473 2152 colonias
485 2100 640 2152 Girceicst
613 2116 627 2151 e
629 2100 767 2167 tSigniam
780 2099 813 2150 ad
824 2098 889 2151 fines
903 2099 1078 2152 defendendos
1091 2102 1178 2153 mittit

228 2170 335 2234 Gabios,
354 2171 444 2223 urbem
462 2171 646 2293 propinquam,
665 2169 712 2238 sed
730 2170 843 2222 foederis
862 2169 949 2252 Latini
968 2174 1118 2238 expertem,
1132 2187 1179 2239 per

262 2240 372 2294 Sextum
389 2240 469 2293 filium
488 2241 547 2293 dolo
566 2242 644 2309 capit.

228 2311 365 2379 Templum
378 2311 457 2376 Ioris,
477 2311 778 2395 lunonisldinervaeque
796 2312 922 2365 inmcnte
935 2312 1055 2379 Tarpeio,
1075 2313 1178 2381 aTarq.

235 2437 237 2440 ι
263 2384 353 2435 Ριιιιι
371 2383 553 2446 inchoatum,
546 2383 648 2451 ingenti
627 2383 753 2434 tlabore
770 2381 880 2450 perficit.
1045 2401 1048 2404 ’
1107 2431 1109 2435 ,

230 2453 316 2517 6ιιιι,
336 2454 388 2505 iarn
406 2454 505 2506 dudum
523 2470 600 2522 aegre
620 2454 779 2505 dominatum
797 2454 898 2521 regium
915 2453 1037 2519 ferentes,
1062 2469 1121 2505 cum
1140 2455 1180 2507 vis

264 2524 416 2588 Lucretiae,
439 2525 521 2577 nobili
538 2528 683 2589 matronae,
707 2540 722 2575 a
740 2524 821 2578 Sexto
841 2524 982 2590 Tarquinio
1006 2522 1079 2577 illata
1101 2529 1180 2589 esset,

263 2597 301 2647 ita
322 2595 523 2660 exacerbantur,
546 2600 575 2647 ut
592 2595 622 2646 L.
641 2595 718 2647 lunio
735 2595 815 2647 Bruto
841 2599 947 2659 auctore
970 2596 1124 2662 obsequium
1141 2613 1180 2648 re-

266 2666 342 2734 gibus
361 2666 499 2734 denegent,
519 2681 615 2734 eosque
634 2667 698 2719 urbe
718 2665 858 2718 excludant
1236 2668 1290 2721 510
1332 2669 1388 2722 244

707 2807 908 2817 .....-.-—-.--

228 2888 343 2979 Secuado
357 2929 475 2993 periodus
492 2947 510 2978 a
528 2930 639 2980 libertate
657 2931 770 2980 instituta
787 2945 862 2992 usqne
884 2926 921 2977 ad
940 2928 1072 2991 composita
1093 2929 1239 2992 plebeiorum
1265 2940 1288 2980 et
1305 2933 1388 2996 patri-

297 3000 386 3049 ciorum
405 3001 545 3058 certamine,
564 3003 596 3050 ab
615 3019 639 3051 ca
659 2992 719 3063 516,
738 3018 762 3049 ιι.
783 3017 803 3049 c.
822 2996 882 3061 244,
902 3015 977 3062 usque
994 2999 1030 3048 ad
1044 3015 1071 3050 a
1090 2997 1150 3062 366,
1169 3018 1192 3050 ιι.
1212 3018 1232 3051 e.
1252 2999 1313 3053 388.

228 3100 318 3142 a..'cm
350 3113 395 3141 ιιι
383 3113 415 3142 ι..

247 3156 299 3209 569
349 3155 400 3209 245
432 3156 492 3210 Cos.
511 3158 543 3209 L.
556 3158 643 3209 Iunias
660 3159 767 3219 Brutus,
788 3158 818 3208 L.
835 3152 985 3221 Tergemina
1006 3157 1150 3220 Callaeciam,
1174 3155 1233 3209 suff.
1253 3155 1387 3212 Collatino

465 3229 496 3277 P
513 3229 627 3279 Valerius
643 3196 781 3293 Poplicola,
799 3227 881 3280 Bruto
854 3228 945 3293 t.Sp
964 3228 1096 3279 Lucretius
1114 3227 1281 3294 Tricipitinus,
1302 3244 1387 3297 eoque

465 3302 567 3351 mortuo
579 3298 618 3351 M.
630 3299 752 3350 Horatios
764 3297 909 3360 Pulvillus.)
940 3298 1028 3351 Greati
1040 3298 1152 3350 comitiis
1164 3298 1320 3352 centuriatis
1332 3301 1387 3354 duo

467 3370 597 3432 consules,
618 3370 672 3421 sire
682 3381 813 3434 praetores
831 3373 886 3427 tum
904 3370 998 3432 vocati,
1017 3370 1090 3436 regia
1107 3371 1246 3436 potestate,
1266 3370 1313 3422 sed
1326 3387 1388 3423 cum

466 3439 531 3490 alter
550 3440 641 3491 consul
659 3438 689 3491 L.
704 3439 861 3506 Tarquinius
880 3440 992 3492 invidiae
1011 3439 1104 3491 cedere
1123 3443 1229 3492 coactus
1249 3444 1330 3506 esset,
1357 3444 1386 3495 in

389 3559 392 3565 .
452 3510 523 3562 'eius
542 3508 629 3561 locum
648 3512 750 3563 creatur
761 3510 790 3561 P.
804 3511 933 3563 Valerius.
961 3511 1041 3563 Fiunt
1061 3511 1138 3563 etiam
1155 3514 1319 3578 quaestores,
1338 3513 1388 3566 sed

468 3580 661 3638 aconsulibus
700 3581 812 3633 Senatus
831 3581 952 3649 expletur
969 3582 1079 3649 plebeiis
1098 3582 1238 3648 equitibus,
1260 3582 1321 3635 inde
1339 3584 1388 3636 du-

467 3650 529 3718 plex
548 3666 642 3702 nomen
659 3654 747 3718 patres
767 3655 793 3703 et
812 3653 962 3720 conscripti.
1001 3651 1151 3705 coniuratio
1171 3653 1297 3705 nobilium
1314 3654 1389 3707 iure-

396 3789 398 3792 *
468 3737 529 3772 num
549 3722 581 3773 ad
593 3736 669 3790 reges
682 3723 858 3774 restituendos
873 3723 1003 3790 detegitur
1016 3726 1042 3774 et
1054 3723 1209 3785 vindicatur,
1228 3728 1389 3792 quapropter

467 3792 533 3860 regii
551 3793 608 3860 agri
626 3793 799 3860 publicantur.
830 3793 991 3846 Veientibus*
1005 3793 1290 3861 Tarquiniensibusque
1309 3810 1388 3863 reges

467 3863 546 3916 armis
564 3863 688 3916 reducere
707 3864 874 3928 conantibus,
898 3880 987 3933 pugna
1005 3863 1047 3928 lit,
1070 3879 1121 3931 qua
1139 3865 1236 3915 Brutus
1254 3868 1281 3916 ιι
1298 3865 1388 3918 Aruns

468 3933 624 4002 Tarquinius
649 3936 746 3987 mutuis
769 3935 919 3987 vulneribus
943 3938 1061 4003 pereunt.
1106 3935 1206 3987 Eodem
1229 3951 1296 3987 anno
1321 3938 1389 3989 auti-

468 4006 622 4072 quissimum
644 4005 735 4061 foedus
765 4021 824 4058 cum
847 4005 1107 4074 Carthaginiensibus
1130 4006 1210 4057 ictum
1234 4009 1290 4070 est,
1318 4009 1389 4074 apud

467 4075 559 4143 Polyb.
579 4077 604 4140 3,
622 4075 666 4140 22,
689 4091 740 4144 quo
758 4076 968 4129 Romanorumt
957 4080 1012 4129 tum
1034 4076 1118 4129 fnisse
1140 4077 1219 4128 maris
1237 4091 1310 4129 oram
1327 4093 1388 4146 usq.

468 4145 501 4197 ad
519 4147 685 4198 Terracinam
704 4151 818 4215 apparet.
800 4148 912 4200 tLex
924 4147 1030 4200 Valeria
1047 4147 1100 4199 lata
1118 4147 1150 4198 de
1169 4148 1365 4214 provocatione.

210 4212 302 4268 568
347 4214 401 4267 246
434 4214 494 4269 Gos.
513 4217 544 4269 P.
559 4218 673 4269 Valerius
690 4219 820 4285 Poplicola
837 4219 880 4282 ΙΙ,
912 4219 939 4270 T.
960 4219 1091 4269 Lucretius
1112 4218 1312 4283 Tricipitinus.)
1327 4220 1389 4271 Por·

467 4306 538 4351 senc,
561 4303 608 4339 rex
632 4287 768 4352 Clusinus,
797 4288 929 4342 Romanos
953 4289 1117 4357 aggreditur,
1074 4289 1225 4340 urriotos
1250 4290 1390 4344 obsidione

467 4359 563 4426 premrt
581 4362 607 4411 ι
595 4359 663 4411 tad
682 4359 839 4412 deditionem
857 4361 951 4429 adigit:
976 4360 1110 4413 obsidibus
1130 4360 1247 4427 acceptis
1267 4363 1295 4413 et
1293 4374 1390 4501 effi

467 4444 525 4481 rum
549 4432 621 4497 parte
645 4431 723 4483 tertia
747 4431 878 4499 adempt‚a
908 4431 1035 4484 infirmam
1056 4444 1144 4497 neque
1167 4433 1256 4482 tamen
1278 4448 1293 4483 r

469 4500 611 4554 subiectam
631 4502 763 4553 civitatem
781 4503 913 4569 relinquit.
1054 4522 1060 4531 v·
