3062 5064
551 440 699 491 annm
716 443 822 493 rena.
1039 419 1042 423 ’
1195 419 1203 434 ”
1230 440 1261 494 11

141 673 383 736 mi⁰⁰⁵B⁰⁰⁰fi³m’
401 686 469 740 qm
481 674 573 740 lma
589 673 781 742 PPP0llti⁸0⁸h
798 672 925 725 incolunt
953 673 1067 740 Dryopes
1079 672 1112 724 ad
1144 626 1162 655 o.
1178 614 1226 655 our.
1243 627 1262 654 η’

142 744 236 797 Oetam
254 746 368 796 montem
388 743 513 795 habitant.

103 815 230 881 Lapithae
248 818 276 866 et
296 815 438 877 Centaurus,
463 813 592 880 Apollinis
610 813 666 877 filii,
690 815 718 866 in
738 814 875 867 Thessalia
892 816 1011 881 regnant,
1036 812 1112 880 Lapi-

139 885 201 938 thes
222 886 294 936 circa
312 886 429 937 Peneum
446 900 555 947 amnem,
581 883 726 938 Centaurus
745 884 778 936 ad
796 888 909 937 montem
929 884 1026 935 Pelion.
1063 883 1113 936 La·

140 956 232 1024 pithae
254 954 310 1007 tllii·
325 955 441 1007 Phorbas
465 958 492 1006 et
507 955 645 1021 Periphas,
670 955 834 1023 Periphantis
859 953 876 1006 1.
901 955 1012 1017 Antion,
1035 955 1112 1006 huius

143 1026 226 1087 Ixion,
247 1026 325 1077 huius
345 1041 360 1076 e
378 1025 427 1077 Dia
444 1025 585 1089 Pirithous,
608 1026 636 1078 in
654 1028 728 1078 cuius
747 1027 846 1093 nuptiis
865 1041 924 1078 cum
941 1024 1114 1094 Hippodamia

144 1096 270 1149 Centauri
288 1095 459 1147 trucidantur.

107 1167 306 1236 Myrmidomhne
324 1168 352 1218 in
370 1166 456 1218 insula
467 1165 575 1234 Aegina
587 1167 698 1234 imperat
714 1167 820 1231 Aeaeae,
839 1167 909 1219 Iovis
928 1170 955 1219 et
966 1166 1083 1233 Aeginae
1094 1165 1113 1217 f.

144 1236 228 1295 Cuius
246 1236 294 1289 filii
306 1237 395 1288 Paleas
407 1241 434 1289 et
449 1238 571 1301 Telamon,
590 1238 678 1290 occiso
691 1237 770 1290 fratre
782 1238 878 1301 Phoco,
897 1238 929 1289 ab
947 1238 1013 1289 hato
1026 1236 1112 1290 Aeaeo

143 1309 233 1360 eiecti.
1210 1306 1213 1310 ’

108 1379 198 1430 Peleus
211 1377 332 1430 Phthiam
350 1377 419 1443 fugit
438 1377 471 1430 ad
482 1377 660 1445 Eurytionem,
678 1377 782 1431 Actoris
801 1377 891 1442 filium,
910 1379 1018 1445 eiusque
1033 1377 1113 1430 filiam
1221 1384 1223 1388 '

144 1465 206 1502 oum
224 1448 302 1500 tertia
320 1452 393 1516 parte
411 1450 487 1515 regni
504 1450 607 1515 accipit.
639 1449 740 1501 Postea
758 1449 849 1502 Thetis
867 1450 892 1500 ei
910 1464 976 1501 naor
994 1450 1113 1517 contigit,

144 1536 179 1572 ex
198 1535 250 1587 qua
267 1523 345 1571 natus
364 1520 481 1573 Achillae.

113 1591 230 1642 Telamon
249 1589 407 1655 Salaminem
426 1590 459 1641 ad
477 1589 622 1657 Cychreum
641 1605 670 1642 se
689 1589 801 1654 confert,
824 1590 953 1657 rebusque
973 1605 1031 1641 cerm
1050 1591 1113 1642 Her-

147 1661 205 1712 cule
224 1662 305 1728 gestis
324 1660 482 1712 inclarescit.
514 1661 596 1712 Filios
614 1661 692 1713 habet
710 1677 724 1713 e
744 1661 870 1713 Periboea
887 1661 997 1724 Aiacem,
1017 1676 1050 1712 ex
1062 1661 1113 1714 He·

148 1732 230 1795 sione,
248 1731 433 1783 Laomedontia
452 1731 478 1795 1.,
500 1732 624 1784 Tencran.

863 1792 875 1817 Ι

108 1829 274 1887 ATTICAE
291 1839 376 1888 terrae
395 1852 471 1904 reges
490 1836 627 1889 traduntur
645 1836 726 1889 fuisse
745 1837 868 1900 Actaeae,
894 1836 1008 1903 Cecrope,
1035 1852 1115 1905 gener

148 1907 252 1970 Actaei,
270 1907 401 1961 incruenti
414 1907 520 1959 deorum
533 1907 618 1960 cultus
631 1913 729 1970 auctor,
743 1906 884 1974 Cecropiae
897 1908 1023 1972 eonditor,
1039 1923 1114 1976 quem

144 1978 192 2029 alii
211 1977 302 2030 Saiten
322 1993 354 2029 ex
373 1978 494 2045 Aegypto
513 1978 673 2030 tradiderunt
691 1979 854 2046 immigrasse
1147 1976 1246 2042 (1559)

145 2049 223 2111 dein,
248 2063 307 2098 cum
327 2046 440 2115 Cecrops
459 2047 541 2100 filium
561 2065 612 2100 non
628 2050 779 2116 reliquisset
800 2048 881 2111 (filias
900 2054 985 2101 autem
1004 2049 1114 2113 Hersen,

143 2119 289 2186 Aglauron,
308 2118 478 2181 Pandrosos),
501 2120 612 2185 Cromna
623 2120 754 2187 indigena,
773 2120 941 2187 Amphictyon,
954 2120 1114 2172 Erechtheus

144 2191 201 2242 sive
220 2190 409 2252 Erichthonius,
433 2189 549 2256 Neptuni
572 2194 598 2241 et
616 2190 711 2242 Terrae
735 2194 780 2243 aut
797 2191 927 2241 Minervae
950 2188 1033 2254 filius,
1058 2206 1115 2243 cur-

144 2276 222 2312 ruum
241 2261 368 2311 inventor.
405 2260 518 2311 Pandion
536 2261 559 2322 I,
578 2261 693 2313 Erichth.
712 2261 729 2313 f.
749 2261 833 2328 (pater
851 2261 965 2312 Procnes
986 2265 1012 2313 et
1029 2261 1115 2314 Philo-

144 2329 253 2392 melae).
295 2331 447 2383 Erechtheas
465 2330 507 2392 (et
525 2330 634 2395 Butes),
659 2331 799 2384 Pandionis
816 2332 845 2395 f,
869 2332 917 2383 sub
942 2333 1016 2384 ouius
1034 2347 1115 2399 regno

144 2401 277 2453 frumenta
294 2402 322 2452 in
340 2400 453 2452 Atticam
477 2402 582 2453 invecta
599 2402 631 2463 (a
649 2402 818 2469 Tlepolemo)
839 2402 988 2465 traduntur,
1011 2402 1116 2454 Eumol·

144 2487 196 2541 pus
209 2487 269 2523 cum
284 2471 428 2523 Thracibus
441 2471 591 2524 Eleusinem
604 2473 682 2527 yenit.
711 2473 793 2525 Filiae
807 2473 863 2525 eius
876 2473 988 2536 Procris,
1009 2471 1115 2538 Creusa,

146 2542 285 2605 Chthonia,
306 2541 431 2609 Orithyia,
451 2541 498 2594 filii
518 2541 640 2610 Cecrops,
666 2544 800 2596 Pandorcs
820 2542 911 2611 (quem
930 2543 1048 2595 nonnulli
1065 2544 1116 2596 Eu-

145 2615 241 2667 boeam
260 2628 403 2680 occupasse
422 2611 530 2676 mount),
550 2613 647 2665 Mation
664 2614 751 2677 (euius
767 2614 836 2666 filius
849 2614 1015 2682 Eupalamus,
1035 2630 1116 2682 nepos

145 2682 300 2746 Daedalus),
319 2683 429 2747 Orneus,
448 2685 522 2735 cuius
535 2683 629 2736 Peteos
648 2684 725 2750 filins,
744 2700 825 2752 nepos
837 2685 1011 2737 Menestheus.
1044 2687 1116 2737 Cren-

145 2774 199 2806 sam
211 2755 321 2816 Xuthns,
340 2753 458 2806 Hellenis
477 2753 504 2817 1.,
524 2753 604 2818 ducit,
623 2758 650 2807 et
668 2755 737 2808 filios
755 2756 925 2807 habetloncn
945 2760 972 2809 et
983 2757 1115 2808 Achaeum.

146 2825 182 2876 Hi
201 2829 275 2893 patre
294 2840 393 2892 avoque
413 2828 529 2877 materno
548 2826 656 2878 mortuis
676 2827 822 2890 eiieiuntur,
842 2827 890 2878 sed
907 2826 955 2878 lon
972 2831 1066 2893 postea
1084 2843 1118 2879 ex
1175 2888 1179 2895 ,

145 2896 330 2963 Peloponneso
343 2895 441 2947 auxilio
454 2899 562 2947 vocatus
577 2896 701 2949 adversus
715 2897 863 2949 Eleusinios
876 2897 951 2948 redit.
974 2897 1077 2963 Cecrops
1086 2898 1121 2947 ΙΙ

145 2969 249 3034 regna,
273 2969 335 3034 post
358 2981 434 3033 quem
452 2965 521 3017 filius
541 2964 653 3017 Pandion
671 2968 709 3018 II.
749 2966 798 3018 Hie
818 2968 916 3021 eiectus
935 2983 950 3017 a
968 2967 1116 3019 Metionidis

145 3038 278 3105 Megaram
298 3035 327 3088 se
346 3037 464 3099 eontulit,
484 3037 613 3104 ductaque
631 3040 703 3105 rogis
717 3037 835 3103 Pylantis
854 3036 908 3089 filia
925 3039 1072 3104 procrearit
1084 3054 1118 3090 ex

146 3107 317 3175 eaAageum,
337 3105 416 3171 (bunc
437 3111 522 3160 autem
541 3108 586 3160 alii
605 3109 750 3160 subiectum
770 3108 878 3173 dicunt)
898 3107 1053 3172 Pallantem,
1072 3109 1117 3162 Ni·
1220 3176 1222 3181 ,

147 3194 215 3243 sum,
233 3178 254 3230 L
276 3193 342 3229 cum.

108 3250 211 3316 Acpene
227 3195 337 3316 regnum
355 3246 470 3301 Atticum
489 3251 626 3318 recuperat
644 3251 670 3300 et
688 3265 747 3300 cnm
765 3248 888 3302 fratribus
908 3252 1089 3313 communicat.

112 3321 234 3382 Thasos,
257 3321 341 3387 Aegei
358 3319 393 3371 fil.
418 3336 451 3372 ex
469 3318 581 3384 Aethra,
605 3320 701 3372 Pitthei
724 3321 794 3388 regis
814 3320 950 3373 Troezenii
969 3321 1036 3385 filia,
1060 3322 1118 3373 Pel-

144 3390 302 3443 lantidarum
321 3390 433 3444 factione
451 3392 536 3454 vieta,
559 3391 661 3443 Atticos
687 3391 715 3442 in
734 3408 811 3443 unam
830 3392 920 3443 urbem
939 3393 1074 3461 coniungit
1092 3397 1118 3445 et

146 3461 332 3514 Panathenaea
348 3461 496 3515 mmmrrnia
513 3462 636 3526 instituit,
654 3460 828 3514 Athenienses
847 3461 1067 3516 tributc'Cretioo
1086 3464 1115 3516 li-

147 3533 232 3596 berat,
250 3532 395 3584 Amazones
414 3534 495 3584 vincit
1152 3530 1250 3596 (1210)

112 3603 220 3656 Theseo
240 3603 347 3655 absente
364 3605 436 3666 (mox
454 3604 609 3671 interempto
630 3619 645 3654 a
662 3602 810 3670 Lycomede
828 3619 889 3672 rege
910 3603 987 3671 Seyri
1004 3603 1116 3666 insulae)

144 3674 302 3725 Menestheus
318 3689 365 3725 rex
382 3672 413 3725 fit
1144 3674 1251 3739 ,(1207)

146 3744 193 3812 qni
210 3744 413 3797 Atheniensibus
432 3745 465 3796 ad
483 3744 587 3797 Troiam
610 3747 728 3812 praeest,
754 3760 819 3813 quae
837 3745 899 3797 urbs
918 3744 960 3799 23.
975 3745 1119 3798 Menesthei

145 3829 215 3866 anno
234 3815 335 3882 eapitur
1151 3814 1251 3883 (1184)
1343 3867 1345 3871 ,

110 3884 274 3952 Demophon,
297 3885 395 3939 Thesei
411 3885 439 3949 f,
467 3888 573 3954 regnat,
598 3888 624 3937 et
643 3886 699 3938 eius
719 3886 817 3953 posteri
836 3872 967 3954 nyntes,
990 3887 1116 3956 Aphidas,

110 3956 340 4079 Μῖἰέιῖιῗαῖθῗιῗῇε
365 4042 398 4078 ex
416 4024 517 4078 Nelidis
541 4041 555 4078 e
573 4025 704 4098 Messenia
726 4013 821 4095 pulsus
842 4028 874 4079 ab
893 4026 1054 4094 Heraclidis,
1079 4046 1119 4082 re-

146 4113 227 4166 gnum
247 4097 407 4165 Thymoetes
426 4097 540 4151 ablatum
558 4100 640 4153 meret
1154 4099 1251 4163 (1100)

111 4168 193 4223 Cuius
217 4167 288 4220 filius
310 4168 416 4232 Codrus,
439 4167 546 4220 ultimus
565 4167 658 4221 Athen.
678 4183 737 4232 rer,
761 4170 829 4236 perit
851 4168 878 4222 in
899 4168 970 4222 bello
988 4185 1047 4221 cum
1065 4169 1117 4221 Do-

144 4239 277 4292 riensibus
885 4282 890 4287 .
1153 4239 1252 4304 (luce)

113 4344 307 4397 COLONIAE
326 4342 452 4410 quaedam
475 4360 511 4396 ex
528 4342 593 4396 Asia
615 4347 642 4396 et
657 4342 781 4413 Aegypto
803 4344 831 4397 in
851 4344 987 4399 Graeclam
1005 4345 1119 4405 uenisse,

144 4417 246 4543 31131ζὲ
258 4413 444 4544 ἱοὲιᾶυέἑῖι
452 4415 634 4483 cognitionem
647 4415 775 4479 attulisse,
793 4431 875 4484 regna
885 4420 914 4468 et
923 4416 1044 4477 ciuitates
1058 4429 1120 4474 con-
