3062 5064
239 436 315 485 xpm
722 418 759 468 Dc
778 418 918 469 austadius

239 599 538 663 66666116111161666111,
567 598 655 665 spissa
678 597 810 650 volumina
832 596 860 648 in
883 598 1024 664 angustum
1049 594 1232 663 compendium
1254 594 1400 664 redegisse.

239 690 417 742 Veruntamen
433 685 475 738 vel
494 685 532 737 sic
552 686 701 751 comparato
720 683 786 736 duce
804 683 853 734 hoc
872 680 997 734 utendum
1011 682 1068 747 erit,
1087 683 1240 749 praesertim
1253 698 1312 735 cum
1325 697 1401 734 enar·

238 778 338 827 ratores
357 771 494 835 invenerit,
513 772 655 822 Fabricium
673 772 700 821 et
711 770 862 832 Reimarum,
882 769 926 836 qui
945 771 1088 821 ceterorum
1109 768 1264 835 scriptorum
1283 769 1401 823 testimo-

238 862 289 914 niis
309 860 428 915 collectis
448 873 510 910 suae
529 856 705 909 annotationis
724 855 887 924 longitudine
905 854 976 907 illius
995 854 1149 907 brevitatem
1162 869 1332 923 compensare
1345 858 1401 907 stu·

238 947 349 999 duerint.

308 1032 461 1089 Latinorum
480 1030 636 1096 scriptorum
654 1032 757 1096 praeter
774 1030 901 1092 Vallatum,
920 1026 1021 1078 Tiberii
1034 1026 1198 1081 adulatorem
1218 1025 1263 1091 (de
1276 1026 1401 1094 quotide

238 1120 266 1170 16
285 1119 418 1187 superiore
441 1114 577 1184 periodo),
601 1114 643 1166 hic
668 1115 851 1167 memorandus
873 1115 913 1165 est
931 1112 1076 1177 Suetonius,
1100 1113 1237 1165 duodecim
1258 1112 1400 1165 Caesarum

240 1220 322 1272 usque
341 1204 374 1255 ad
386 1202 563 1254 Domitianum
581 1201 693 1253 vitarum
713 1201 834 1268 scriptor,
855 1201 886 1253 de
905 1213 956 1267 quc
975 1199 1037 1251 item
1055 1215 1142 1266 supra,
1162 1215 1220 1251 cum
1233 1199 1264 1252 de
1278 1197 1400 1252 Caesaris

239 1290 469 1352 11666166666166,
488 1288 647 1341 mentionem
666 1287 784 1339 fecimus.
820 1286 901 1339 Paulo
920 1286 1007 1339 minus
1026 1287 1150 1353 temporis
1169 1287 1282 1353 spatium
1301 1284 1334 1337 82
1355 1301 1400 1337 an·

240 1390 341 1440 norum,
360 1376 391 1427 ab
411 1389 524 1426 excessu
541 1374 655 1442 Augusti
673 1389 756 1441 usque
775 1373 808 1424 ad
828 1373 926 1425 exitum
945 1372 1095 1436 Domitiani,
1121 1389 1145 1424 a.
1164 1372 1207 1437 96,
1229 1372 1330 1422 Tacitus
1348 1372 1401 1438 sibi

241 1466 422 1529 argumentum
440 1461 564 1528 sumpsit,
588 1461 616 1511 in
635 1476 686 1528 quo
706 1460 863 1523 elaboraret,
888 1459 988 1512 duobus
1007 1460 1142 1528 operibus,
1165 1459 1247 1511 altero
1265 1473 1348 1525 usque
1366 1458 1401 1510 ad

200 1556 202 1559 '
240 1548 346 1600 caedem
364 1548 485 1611 Neronis,
504 1547 589 1600 ultimi
606 1547 772 1616 imperatoris
791 1562 825 1599 ex
843 1546 910 1598 Iulia
928 1550 955 1598 et
974 1545 1084 1599 Claudia
1101 1548 1188 1615 gente,
1215 1561 1237 1597 a.
1251 1544 1293 1608 68,
1318 1544 1400 1596 616616

240 1651 256 1685 6
274 1649 327 1686 cos.
346 1634 407 1701 imp.
423 1633 507 1687 Galba
524 1634 618 1687 iterum
638 1637 665 1686 et
683 1625 714 1686 T'.
728 1634 815 1697 Vinio,
835 1650 857 1684 a.
871 1633 914 1698 69,
934 1648 1017 1701 66666
1036 1633 1070 1685 611
1081 1633 1147 1685 111611
1159 1632 1262 1685 16111661
1274 1631 1403 1687 1611616116.

241 1721 347 1786 saeculi,
367 1737 426 1773 cum
438 1721 526 1775 Nerua
545 1722 578 1774 ad
595 1722 771 1790 principatum
789 1721 917 1788 pervenit.
944 1720 1030 1787 Atque
1050 1719 1103 1772 tale
1121 1724 1162 1772 est
1173 1719 1250 1771 huius
1264 1719 1400 1786 scriptoris

239 1809 382 1876 ingenium,
407 1823 492 1876 aquo
511 1810 676 1875 potissimum
696 1823 755 1860 cum
774 1809 874 1858 ceteras
893 1822 944 1871 166,
963 1809 1019 1859 6616
1037 1807 1185 1874 principum
1202 1809 1281 1870 artes,
1303 1805 1400 1872 quibus

239 1895 386 1947 libertatem
404 1896 534 1963 publicam
554 1894 744 1962 oppresserint,
770 1896 796 1945 et
819 1893 923 1945 16161661
947 1895 1061 1946 11161616
1078 1892 1166 1944 1111666
1185 1895 1294 1944 6666666
1313 1891 1401 1959 depel-

241 1980 333 2032 lendae
353 1982 494 2032 servitutis.
507 1981 608 2033 discere
627 1981 777 2047 cupiamus,
801 1995 861 2031 cum
884 1980 1046 2032 66161166616
1065 1978 1152 2031 studio
1172 1981 1198 2030 66
1216 1978 1341 2031 acerrimo
1359 1977 1399 2028 iu·

241 2067 309 2118 dicio
328 2071 354 2118 66
373 2066 477 2119 dicendi
495 2070 549 2117 arte
568 2067 636 2118 inter
653 2080 752 2133 paucos
772 2065 891 2117 excellat.
921 2066 975 2118 Sed
988 2067 1066 2117 etiam
1077 2066 1155 2117 huius
1167 2065 1292 2117 librorum
1304 2079 1401 2132 magua

240 2169 301 2221 pars
320 2153 460 2217 intercidit,
480 2156 620 2219 supersunt
638 2152 698 2204 libri
716 2153 825 2220 6116166,
844 2152 939 2218 quibus
954 2153 1049 2203 Tiberii
1060 2168 1170 2220 reguum
1189 2151 1232 2216 (ab
1245 2168 1268 2203 a.
1283 2150 1400 2213 14—37)

241 2239 406 2303 describitur,
424 2255 456 2290 66
476 2238 503 2290 111
521 2238 626 2306 quidem
643 2239 748 2306 integri,
768 2239 940 2304 quoniamae
952 2239 1088 2306 particula,
1107 2255 1173 2306 quae
1186 2253 1228 2291 res
1242 2254 1265 2290 a.
1278 2237 1313 2290 30
1326 2237 1398 2290 6631

241 2329 330 2392 gestas
349 2325 507 2389 continebat,
527 2325 676 2392 gravissimi
689 2324 842 2392 argumenti,
863 2330 890 2377 et
902 2340 979 2393 quem
991 2326 1060 2377 haud
1073 2326 1223 2378 dubitamus
1237 2340 1296 2377 cum
1308 2324 1400 2392 Lipsio

241 2411 326 2479 ipsum
344 2411 435 2464 liorem
454 2413 540 2480 operis
560 2408 660 2476 dicere,
684 2410 770 2478 periit.
811 2410 1009 2478 Insequentium
1032 2413 1156 2465 librorum
1173 2413 1275 2464 iactura
1290 2412 1402 2463 16161116

244 2498 305 2549 Gaii
327 2499 441 2550 Caesaris
459 2499 564 2551 brevem
588 2498 753 2566 tyrannidem
772 2501 798 2571 et
819 2499 921 2550 Claudii
938 2499 1100 2567 principatus
1118 2500 1218 2568 priores
1237 2514 1319 2551 annos
1338 2513 1399 2562 sex;

241 2584 311 2651 quod
334 2588 454 2651 superest
472 2583 576 2637 Claudii
599 2600 725 2638 annorum
748 2588 774 2638 et
792 2584 900 2636 Neronis
921 2585 1073 2654 imperium,
1097 2585 1171 2638 libris
1192 2586 1307 2639 11-16
1326 2589 1400 2637 6661ὲ

241 2673 320 2734 16661,
339 2686 423 2738 66666
442 2674 537 2735 661666,
557 2680 616 2722 cum
635 2672 695 2724 libri
714 2660 747 2724 16
766 2671 1165 2736 1616166666166116611661666,
1187 2673 1296 2726 materia
1314 2671 1400 2724 absol·
1505 2668 1509 2673 ᾖ

241 2757 318 2819 11661,
337 2757 430 2809 sedin
447 2773 515 2809 6666
535 2758 577 2822 66,
599 2775 623 2810 6.
638 2775 660 2811 6.
680 2757 741 2825 819,
760 2759 928 2827 abrumpitur.
960 2758 1076 2810 Alterius
1096 2759 1182 2826 operis
1201 2762 1321 2826 quattuor
1339 2759 1401 2812 libri

239 2843 340 2910 priores
359 2847 385 2894 et
403 2845 487 2911 quinti
504 2861 565 2913 pars
583 2845 660 2897 hodie
679 2848 783 2911 extant,
808 2847 902 2914 quibus
929 2865 996 2915 unus,
1009 2858 1091 2896 annus
1110 2845 1251 2898 multorum
1270 2846 1399 2914 sanguine

240 2929 401 2995 nobilitatae,
425 2931 459 2985 69
478 2935 539 3000 6666
552 2931 612 2984 Chr.
632 2935 658 2985 et
676 2935 789 3001 proximi
807 2934 842 2987 to
861 2933 996 2985 dimidiam
1014 2932 1094 2985 terme
1114 2933 1270 2998 continetur,
1295 2949 1327 2985 ex
1346 2948 1399 3000 quo

239 3016 316 3069 facile
333 3018 496 3087 intelligitur,
516 3024 613 3086 quanta
631 3021 766 3088 scriptoris
785 3022 813 3073 in
831 3021 872 3072 his
887 3020 969 3081 ,rebus
988 3019 1139 3072 enarrandis
1159 3019 1295 3088 diligentia
1312 3019 1399 3084 166116,

239 3118 317 3170 quam
336 3107 441 3172 assequi
459 3121 507 3158 nec
526 3108 620 3175 potuit,
643 3124 692 3160 666
712 3108 803 3171 161616,
822 3107 867 3174 661
888 3107 985 3159 Galbae
1004 3112 1031 3160 et
1053 3107 1155 3159 Orionis
1172 3107 1241 3158 11666
1260 3107 1400 3175 singulari-

239 3189 288 3241 bus
306 3190 402 3242 libellis
421 3192 562 3259 descripsit
579 3195 736 3245 Plutarchus.
773 3193 903 3244 Iacturam
922 3198 1067 3247 ceterorum
1086 3194 1219 3259 librorum,
1237 3195 1332 3262 quibus
1347 3194 1400 3247 Ve-

241 3277 369 3342 spasiani,
393 3277 448 3328 Titi
466 3280 493 3328 et
510 3278 653 3330 Domitiani
670 3279 832 3346 principatus
856 3284 1010 3346 persecutus
1029 3286 1097 3347 erat,
1119 3284 1172 3334 uita
1193 3281 1236 3333 Cn.
1254 3281 1400 3348 Agricolae,

240 3363 314 3414 cuius
333 3362 413 3415 ductu
425 3363 561 3415 Britannia
579 3364 676 3417 domita
694 3367 743 3428 est,
761 3366 794 3417 ab
807 3366 898 3418 eodem
909 3366 1001 3420 Tacito
1014 3371 1168 3436 composita,
1187 3369 1305 3436 quamvis
1318 3368 1401 3436 digna

239 3452 345 3500 auctore
364 3463 420 3513 suo,
440 3465 608 3517 compensare
626 3454 714 3504 tamen
732 3453 829 3519 666616.

311 3535 434 3602 Sequitur
446 3540 518 3588 aetas
533 3538 664 3590 continuis
678 3539 791 3606 quinque
804 3540 960 3607 optimorum
974 3542 1121 3611 principum
1133 3543 1223 3612 regnis
1235 3543 1400 3609 felicissima,

239 3621 349 3687 Nervae,
369 3624 483 3687 Traiani,
501 3623 635 3689 Hadriani,
653 3626 789 3693 utriusque
801 3625 935 3692 Antonini,
955 3629 1002 3681 sed
1020 3630 1088 3682 malo
1101 3630 1213 3697 quodam
1226 3630 1279 3683 fato
1291 3630 1398 3695 accidit,

240 3713 269 3760 ut
285 3710 416 3776 ingeniosi
435 3712 564 3775 auctores,
587 3715 678 3764 renata
695 3713 744 3765 sub
764 3714 876 3767 Traiano
897 3716 1029 3769 scribendi
1046 3718 1166 3771 libertate
1185 3719 1236 3783 usi,
1261 3722 1306 3771 aut
1324 3721 1399 3771 vetu-

240 3790 341 3847 6661661
359 3800 504 3864 temporum
529 3800 678 3851 memoriam
702 3817 840 3867 16661616,
863 3806 908 3856 aut
926 3805 1070 3857 recentium
1088 3804 1220 3873 infamiam
1238 3807 1332 3859 litteris
1352 3821 1399 3858 no-

239 3886 294 3934 tare
318 3883 428 3947 1611666,
455 3898 504 3934 666
527 3883 594 3937 61166
622 3886 769 3940 invenirent
791 3889 1034 3951 honestissimorum
1056 3892 1201 3945 studiorum
1224 3893 1331 3946 idoneos
1354 3909 1399 3945 ae-

240 3968 332 4044 mulos.
375 3967 466 4036 Itaque
490 3985 532 4022 res
556 3987 571 4021 a
591 3973 703 4026 Traiano
731 3975 896 4031 laudabiliter
918 3983 1010 4046 gestae
1033 3979 1112 4047 digno
1136 3985 1226 4033 661666
1248 3983 1398 4059 praeconia,

240 4055 292 4107 nisi
310 4056 379 4122 quod
397 4059 473 4109 minor
485 4059 583 4111 Plinius
600 4062 769 4129 epistolarum
786 4063 869 4127 libris,
886 4067 1040 4133 praesertim
1059 4066 1169 4132 decimu,
1188 4071 1215 4120 66
1226 4070 1398 4137 panegyrico,

240 4157 316 4208 quam
335 4144 452 4196 studiose
470 4145 654 4216 illeprinceps
672 4150 848 4218 reipublicae
868 4167 956 4205 curam
974 4153 1095 4221 gesserit,
1118 4154 1183 4206 satis
1200 4155 1325 4208 ostendit.
1362 4156 1399 4210 lit

240 4228 267 4278 ni
295 4227 408 4281 fuissent
435 4232 483 4284 sub
509 4227 671 4288 Diocletiano
699 4237 854 4305 imperatore
884 4239 983 4306 6116666
1008 4241 1163 4308 6611666166,
1191 4242 1236 4308 661
1258 4243 1398 4309 Hadriani,

239 4315 357 4367 Antonini
367 4316 418 4383 Pit,
440 4319 471 4370 L.
487 4319 546 4371 Veri
563 4325 590 4373 66
601 4322 640 4372 M.
653 4324 772 4378 Antonini
789 4327 857 4379 uitas
877 4327 910 4379 ad
927 4328 1032 4380 modum
1045 4328 1173 4395 Suetonii,
1193 4329 1240 4381 sed
1257 4331 1335 4398 longe
1348 4331 1397 4382 mi-

239 4418 301 4455 nore
321 4407 347 4456 et
365 4420 450 4458 rerum
469 4408 562 4474 peritia
586 4412 613 4461 et
631 4410 735 4463 dicendi
758 4418 812 4466 6166
837 4415 995 4480 6611661666,
1018 4417 1114 4485 ubique
1132 4418 1166 4470 ad
1184 4417 1338 4486 compendia
1355 4431 1397 4469 16-

240 4490 310 4547 dacti
320 4508 445 4549 essemus.
482 4496 518 4551 Hi
529 4496 589 4551 libri
601 4498 720 4566 vitarum,
739 4515 804 4573 quos
817 4502 881 4571 dixi,
899 4504 1063 4575 reperiuntur
1074 4507 1103 4560 in
1115 4506 1238 4579 congerie
1250 4508 1397 4577 6616161116
