3012 5062
353 465 384 512 ab
404 424 468 513 anno
487 477 510 510 a.
526 461 584 512 Chr.
605 464 654 511 188
673 476 750 524 usqne
768 465 801 511 ad
819 478 909 515 anuum
931 466 988 512 188.
1218 462 1249 517 91

79 654 97 681 a.
113 641 166 682 Chr.
221 651 271 681 u.e.

330 695 432 746 101000
450 693 557 762 spiritua
576 693 685 762 trangit,
709 706 807 761 eosque
831 694 941 763 imperio
964 708 1024 762 pop.
1043 693 1118 747 Rom.
1137 694 1252 748 subiicit

328 765 401 818 idem
420 763 613 832 Cephalleniam
632 765 739 832 subigit.
1321 808 1324 813 .

366 835 537 903 Triumphant
559 836 589 888 L.
612 835 740 888 Aemilius
760 834 892 903 Regillus,
921 834 951 886 L.
971 834 1078 904 Scipio,
1107 835 1137 900 Q.
1155 836 1253 889 Fabius

329 905 418 960 Labeo
436 922 469 958 ex
486 906 559 958 Asia.

102 980 157 1034 188
210 978 264 1032 566
302 978 363 1031 Cos.
382 978 551 1028 010000
569 977 704 1040 Messalla,
730 977 757 1029 0.
776 976 865 1028 110101
883 975 1036 1039 Salinator.)
1075 975 1252 1030 (1011001100

332 1064 365 1101 ex
383 1048 447 1101 Asia
464 1051 598 1101 revertens
617 1064 633 1101 a
650 1047 795 1100 Thracibus
814 1051 924 1099 vexatur
946 1062 1119 1116 magnamque
1141 1047 1253 1116 praedae

331 1122 431 1188 partem
450 1119 552 1170 amittit.

367 1190 463 1242 Lastro
481 1188 525 1242 48.
545 1188 620 1242 cond.
641 1203 737 1241 aeens.
751 1188 783 1241 ’1.
794 1188 916 1250 Quinctio
925 1187 1081 1252 Flaminino,
1100 1187 1253 1241 liillaudio

332 1260 454 1314 Marcello
479 1275 559 1313 censa
581 1263 643 1313 sunt
665 1261 716 1314 civ.
740 1260 827 1328 capita
848 1257 968 1322 2583183
994 1259 1118 1328 princeps
1146 1263 1254 1312 senatus

333 1331 362 1383 P.
382 1331 472 1399 Scipio
496 1330 576 1384 Atrio.
600 1330 647 1383 111.
688 1331 823 1383 Fundanis
846 1330 1044 1397 Formianisqne
1066 1329 1125 1399 lege
1148 1330 1254 1383 Valeria

333 1400 451 1470 001111ςὶ1
462 1402 526 1454 latio
538 1402 566 1454 in
577 1402 647 1454 trihu
660 1401 779 1465 Aemilia,
797 1401 966 1469 Arpinatibus
977 1402 1005 1453 in
1019 1398 1141 1454 Cornelia
1152 1400 1235 1455 datur.

104 1477 157 1531 181
211 1475 265 1529 ist
303 1472 364 1525 (lus.
382 1473 421 1525 M.
441 1474 560 1524 Aemilius
579 1473 700 1540 Lepidus,
729 1472 755 1524 C.
774 1471 936 1532 Flaminius.)
972 1470 1040 1523 Dum
1059 1472 1135 1525 ambo
1153 1487 1207 1526 008.
1226 1473 1254 1524 iu

332 1542 474 1611 Liguribus
493 1544 589 1596 bollum
609 1548 704 1612 gerunt
721 1544 829 1611 viasque
847 1542 973 1594 militares
992 1541 1136 1594 Pleminius
1155 1544 1188 1596 ab
1206 1541 1255 1595 Ar·

333 1614 399 1667 retia
426 1615 584 1678 Bononiam,
613 1614 740 1667 Aemilius
771 1615 804 1666 ab
832 1612 949 1667 Arimino
972 1612 1133 1665 Placentiam
1160 1613 1254 1681 perdu-

332 1686 381 1737 cit:
405 1685 503 1737 Romae
531 1686 667 1753 rogatione
690 1685 794 1737 Petillia
816 1687 843 1735 at
865 1687 971 1735 aunone
993 1682 1026 1735 ll.
1052 1682 1150 1738 Getone
1175 1699 1253 1752 quae·

333 1756 433 1808 stiones
451 1755 484 1808 de
503 1757 587 1824 captis
612 1757 644 1811 ab
663 1755 793 1808 Antiocho
810 1768 873 1822 rege
891 1754 1011 1822 pecumis
1035 1753 1160 1807 adversus
1179 1755 1208 1808 P.
1227 1758 1255 1807 et

333 1827 362 1880 L.
387 1826 526 1894 Scipiones
550 1830 712 1881 exercentur.
753 1827 783 1879 P.
802 1824 941 1893 magnifica
963 1824 1115 1879 detonsione
1139 1840 1203 1879 usus
1225 1827 1254 1878 in

333 1898 495 1950 Literninum
515 1912 544 1949 se
562 1898 641 1962 abdit,
660 1913 745 1965 neque
757 1897 866 1949 Romam
883 1896 1029 1960 revortitur,
1048 1897 1182 1949 absentem
1195 1910 1255 1964 pro·

331 1969 399 2037 tegit
416 1968 458 2019 Ti.
472 1968 641 2036 Sempronius
662 1968 795 2023 Gracchus
812 1967 871 2020 trib.
890 1967 935 2035 pl.,
959 1964 1003 2019 001
1021 1967 1054 2020 ob
1072 1982 1130 2021 eam
1148 1982 1254 2020 causam

332 2039 454 2092 Cornelia
475 2041 561 2091 minor
583 2040 609 2091 in
632 2040 824 2092 matrimonium
842 2037 926 2090 datur.
967 2037 997 2094 L.
1017 2036 1107 2106 Scipio
1129 2037 1254 2091 multatus

332 2125 432 2178 pauper
449 2110 585 2178 reperitur.
617 2110 754 2179 Triumphi
771 2110 805 2162 li.
819 2109 905 2162 Pulrii
923 2108 956 2161 de
975 2108 1084 2173 Aetolis,
1103 2108 1151 2162 Gn.
1165 2108 1255 2162 liaulii

333 2180 365 2232 de
386 2180 605 2234 Gallo-Graecis.

370 2251 458 2304 12000
476 2253 542 2304 00011
560 2251 617 2304 Lat.
637 2252 735 2304 Romae
753 2250 896 2317 conquisiti
914 2265 961 2318 per
979 2249 1009 2313 Q.
1023 2249 1175 2303 'Parentium
1193 2249 1255 2303 Onl-

333 2323 434 2375 leonem
452 2326 534 2391 praet.
554 2326 581 2374 et
599 2322 690 2375 domos
708 2322 821 2374 remissi.
1110 2366 1113 2371 ,

107 2398 163 2452 las
213 2395 268 2449 888
304 2393 429 2460 00081.
448 2394 588 2446 hennino
610 2395 724 2456 Attinas,
755 2393 784 2452 Q.
804 2394 919 2444 11000100
935 2391 1067 2458 Ptitippue
1085 2391 1254 2459 quaestiones

334 2464 432 2516 Romae
450 2468 477 2516 et
499 2480 547 2532 per
569 2466 649 2517 totam
669 2463 772 2515 ltaliam
790 2463 824 2516 de
841 2463 1012 2516 clandestinis
1029 2463 1254 2515 coniurationibus

335 2538 361 2588 et
378 2536 453 2588 noris
466 2535 637 2604 religionibus
650 2538 781 2588 exercent.
794 2535 965 2586 8000000000.
978 2535 1008 2585 de
1019 2534 1231 2587 Bacchanalibus.

269 2618 272 2623 ’
369 2606 399 2670 Q.
412 2606 524 2659 Marcius
544 2618 597 2659 cos.
611 2624 627 2659 a
639 2606 780 2675 Liguribus
793 2605 912 2674 Apuanis
929 2604 1032 2658 insidiis
1045 2604 1254 2657 circumuenitur.

107 2680 163 2735 185
214 2677 268 2731 569
305 2674 365 2730 000.
383 2678 432 2743 Ap.
449 2677 569 2729 Claudiae
580 2678 694 2742 Pulcher,
713 2676 751 2729 M.
764 2677 922 2743 Seraproaisa
937 2675 1097 2737 Miconos.)
1120 2675 1254 2729 Adversus

307 2762 379 2801 ¹eos
402 2748 435 2800 li.
459 2748 595 2817 Sempron.
618 2748 751 2817 proiectus
777 2748 872 2802 saltum
895 2762 978 2814 usqne
1000 2747 1034 2799 ad
1056 2748 1171 2799 Maeror»
1193 2746 1254 2800 flur.

332 2819 427 2888 aperit:
451 2818 552 2886 Appius
570 2820 602 2872 in
620 2819 762 2888 Liguribus
781 2819 907 2888 Ingaunis
930 2817 1026 2870 bellum
1050 2816 1161 2870 feliciter
1179 2819 1254 2886 gerit.

335 2890 365 2942 10
383 2889 511 2957 111ορ0010
528 2890 561 2943 ab
586 2890 712 2943 ambobus
735 2890 899 2958 praetoribus
921 2902 1002 2956 prope
1021 2888 1142 2940 Toletum
1161 2889 1255 2941 0011101

332 2963 476 3029 pugnatur,
498 2962 639 3028 praecipua
657 2960 686 3013 0.
707 2960 842 3029 Calpurnii
859 2958 943 3011 laude.
985 2958 1121 3026 Philippus
1139 2973 1195 3023 rex,
1218 2959 1255 3011 le·

334 3032 402 3099 gatis
420 3032 517 3095 missis,
536 3032 581 3098 qui
600 3047 658 3084 eum
677 3032 704 3083 in
722 3028 905 3099 regminibus
919 3033 1078 3093 coercerent,
1096 3040 1254 3097 magnopere

337 3100 484 3153 offenditur.
521 3102 614 3154 Oratio
632 3102 662 3154 L.
680 3102 770 3154 liaulii
787 3115 859 3170 proc.
878 3115 912 3152 ex
930 3098 1005 3167 Hisp.
1172 3103 1175 3110 '

334 3171 427 3294 G(P.6
439 3171 534 3303 >Scipio
557 3171 697 3225 Airicanus
724 3173 749 3224 h.
773 3187 796 3223 a.
820 3172 874 3224 rita
901 3169 1005 3222 decedit
1032 3168 1175 3223 secandam
1198 3164 1255 3224 cle

357 3245 390 3294 at.
428 3280 434 3293 .

11 3326 12 3329 ’
106 3317 160 3372 184
213 3313 268 3367 570
302 3308 364 3365 uos.
383 3312 413 3364 P.
430 3313 549 3364 01000100
561 3313 675 3377 Patalen
694 3312 726 3363 L.
740 3313 843 3364 Porcios
855 3311 982 3374 Licinus.)
1007 3311 1151 3364 Censorem
1164 3326 1255 3365 serere

334 3388 428 3451 gerunt
446 3383 478 3435 11.
498 3384 607 3437 Porcius
628 3383 702 3447 0010,
727 3384 757 3435 L.
771 3384 891 3435 Valerius
910 3382 1032 3447 Plancus,
1049 3382 1131 3435 iidem
1148 3383 1175 3435 in
1194 3397 1256 3435 con·

219 3466 221 3470 ’
334 3453 420 3506 001010
438 3455 568 3523 collegae:
587 3455 616 3506 L.
635 3455 812 3506 Flamininum
831 3457 925 3508 senatu
942 3456 1060 3517 movent,
1085 3453 1115 3505 L.
1135 3452 1255 3521 Scipioni

334 3540 427 3592 equum
446 3524 578 3593 publicum
599 3524 725 3589 adimunt,
743 3540 777 3578 ex
795 3529 883 3578 uetere
897 3524 1005 3578 0010010
1022 3525 1050 3576 10
1061 3523 1186 3576 familiam
1198 3523 1255 3577 Sei-

333 3597 439 3664 pionum
463 3596 530 3648 odio.
572 3597 659 3648 Prima
684 3596 794 3648 basilica
811 3596 906 3649 Porcia
923 3595 1067 3648 aedificata
1108 3595 1181 3648 Duae
1204 3595 1254 3647 001.

334 3667 430 3719 civium
443 3666 558 3718 Perenna
575 3667 604 3718 in
616 3666 750 3730 Picenum,
769 3667 901 3718 Parmam
919 3666 946 3718 in
965 3678 1056 3734 agrum
1070 3663 1199 3718 Gallicum
1211 3666 1255 3718 de·

332 3737 469 3793 (10000100.
507 3736 643 3803 Triumphi
661 3736 691 3789 0.
712 3736 847 3805 Calpurnii
865 3736 970 3789 Pisonis
994 3739 1021 3788 et
1039 3736 1069 3788 L.
1089 3735 1255 3800 Quinctilio

332 3807 466 3860 Lusitanis
486 3804 685 3874 Celtiberisque.
722 3808 830 3860 lioritur
848 3806 958 3861 Plautus
977 3805 1046 3870 (010.
1066 3807 1138 3863 Brut
1160 3805 1218 3870 15).

12 3882 13 3885 ¹
108 3881 161 3936 183
204 3878 263 3931 ’511
304 3874 364 3931 Ges.
383 3878 422 3929 Μ.
438 3877 556 3930 Claudias
574 3877 717 3942 Marcellus,
740 3878 770 3937 Q.
789 3879 885 3930 Fabius
902 3877 1011 3940 Labeo.)
1048 3877 1178 3931 Hannibal
1195 3890 1255 3930 cum

334 3949 364 4001 Τ.
379 3949 516 4012 Quinctius
529 3949 692 4002 Flamininus
711 3945 814 4018 legatus
833 3949 865 4001 ad
877 3949 997 4001 Prusiam
1009 3949 1148 4016 Bithyniae
1166 3963 1255 4017 regem

293 4018 296 4023 ’
334 4020 459 4083 uouisset,
478 4034 579 4072 veneno
598 4025 701 4089 sumpto
719 4021 837 4085 montur,
857 4035 908 4088 quo
927 4020 987 4073 eod·
1004 4036 1027 4073 a.
1040 4020 1256 4090 Philopoemena

274 4116 276 4121 ,
333 4089 471 4142 Messeniis
489 4089 652 4144 interficitur.
681 4090 955 4155 RomaeDemetrius,
974 4091 1040 4144 Phil.
1058 4090 1137 4154 iilius,
1155 4093 1255 4158 patrem

300 4225 303 4230 Ι
335 4164 445 4214 excusat
463 4165 490 4213 01
508 4162 612 4215 eximiis
630 4162 808 4215 honoribus-a
826 4166 920 4216 senatu
938 4166 1057 4225 ornatur,
1080 4160 1151 4230 quud
1167 4161 1254 4229 ipsum

333 4231 491 4299 imprudenti
508 4233 597 4286 iuveni
615 4233 690 4285 anitii
708 4248 789 4287 cansa
803 4233 842 4286 iit.
878 4233 1003 4287 00100100
1021 4231 1184 4285 deducuntur
1195 4231 1255 4282 Mo·

335 4305 387 4353 tina
405 4306 437 4386 et·
450 4303 545 4355 Parma
561 4303 666 4369 civium,
692 4303 751 4358 Lat.
768 4306 897 4372 Aquileia,
920 4305 989 4358 nude
1006 4301 1077 4357 Galli
1100 4301 1256 4370 transalpini

109 4444 161 4500 lsi
213 4440 268 4496 572
306 4373 563 4497 oggipibl5iBmim
578 4445 730 4512 Tamphilus,
748 4448 781 4497 L.
794 4447 914 4498 Aemiliae
932 4446 1037 4497 Pontias
1054 4457 1178 4512 prospera
1196 4442 1255 4496 adv.

335 4514 446 4583 Ligures
462 4515 561 4568 bellum
579 4518 680 4584 gerum.
717 4514 749 4568 A.
768 4517 907 4569 Terentius
925 4533 959 4569 ex
977 4516 1052 4583 Hisp.
1071 4514 1115 4566 cit.
1134 4516 1202 4566 ovat
