3012 5062
387 401 419 448 ab
439 415 501 448 sanc
520 415 542 448 s.
556 401 613 449 0111.
633 402 683 448 tie
702 416 778 461 usque
796 403 828 450 ad
846 417 936 451 annum
955 395 1015 450 896.
1244 398 1281 457 (13

114 590 135 617 ι.
148 577 202 618 0111.
243 588 266 615 n.
276 587 295 616 e.

132 633 190 686 409
240 631 293 685 341
329 630 377 682 IV
391 629 864 696 11111111.8881.881.(111.4,51)
888 645 977 685 omnes
995 632 1048 685 iam
1070 632 1153 686 iuneti
1180 648 1213 686 ec
1235 633 1281 686 ho·

358 716 429 753 nore.
464 701 540 753 Finis
558 700 720 754 induciarum
739 717 799 754 cum
810 703 973 756 Veientibus.

133 773 191 826 406
241 772 293 826 348
329 772 377 824 IV
392 774 447 823 trib.
466 774 516 823 mil.
536 790 600 823 cuns.
618 783 669 838 pot.
685 773 765 845 ·(I·.is.
784 774 810 837 4,
833 774 892 836 58).
934 774 1075 841 Tripartito
1098 776 1215 826 exercitu
1237 789 1279 827 res

359 843 458 911 geritur
477 842 534 894 adv.
547 843 669 896 Volscos.
699 844 768 896 Dum
785 845 851 896 duae
864 848 952 913 partes
964 845 1084 897 Antiates
1097 849 1124 897 et
1136 845 1279 898 1881181188

359 912 470 966 Volscos
490 914 620 978 obsident,
638 913 738 979 Anxur,
756 931 822 983 quae
840 932 910 969 nunc
920 917 1077 968 Terracinae
1090 919 1159 979 sunt,
1179 917 1280 984 capitur

357 987 384 1037 et
402 985 530 1053 diripitur.
566 985 720 1052 Stipendium
737 986 786 1038 hoc
804 987 915 1054 primum
934 1003 1002 1038 anno
1021 989 1095 1038 datur
1111 988 1237 1038 militibus.

132 1054 199 1109 405.
240 1055 293 1108 349
335 1055 896 1122 171181.11111.88118.881(111.4,61).
932 1058 1035 1110 Bellum
1053 1073 1112 1111 cum
1127 1057 1280 1111 Veientibus

359 1128 446 1194 coepit
474 1127 603 1195 segniter,
631 1126 692 1178 dum
720 1143 780 1195 pars
807 1130 942 1197 copiarum
969 1129 1026 1180 adv.
1044 1129 1156 1182 Volscos
1184 1129 1280 1181 bellum

358 1198 434 1265 gerit.

134 1268 191 1322 404
240 1265 293 1320 350
335 1268 868 1334 1711111.1111.8811.881.(111.4,61).
905 1270 975 1322 Solis
995 1269 1106 1322 deiectio
1129 1270 1205 1322 nonis
1222 1268 1280 1323 Iun.

357 1339 385 1390 in
403 1339 540 1391 annalibus
558 1340 678 1391 maximis
697 1340 808 1407 primum
826 1342 989 1409 consignata,
1009 1340 1063 1393 018.
1077 1341 1110 1392 de
1123 1355 1176 1407 rep.
1193 1339 1216 1402 1,
1237 1339 1279 1391 16.

133 1408 190 1462 403
241 1407 291 1461 351
336 1409 377 1461 VI
396 1411 452 1460 trib.
477 1411 526 1460 mil.
546 1427 610 1461 cone.
628 1421 679 1476 pot.
704 1410 761 1462 Lis.
780 1411 805 1473 5,
826 1411 919 1478 18818
938 1414 1040 1478 creatos
1059 1412 1104 1474 811,
1128 1411 1197 1478 quod
1215 1410 1280 1463 81188

94 1502 100 1513 =
359 1495 490 1548 nunquam
508 1480 606 1532 factum
625 1482 667 1533 sit
710 1481 764 1533 Sed
781 1482 846 1540 duos
865 1498 899 1534 ex
921 1480 954 1534 iis
973 1483 1011 1533 M.
1030 1483 1131 1533 Furium
1153 1482 1280 1532 Camillum

358 1554 385 1603 81
408 1552 447 1603 Μ.
470 1548 619 1603 Postumium
642 1553 757 1603 Altinum
780 1567 902 1605 censores
925 1553 974 1604 hoc
997 1568 1064 1605 anno
1087 1551 1169 1604 inisse
1192 1554 1219 1603 et
1241 1552 1280 1603 lu-

359 1625 442 1674 strum
462 1622 612 1675 terentesn
629 1622 691 1674 fasti
705 1622 816 1689 Capitol.
829 1623 945 1675 indicant
964 1624 1116 1684 (Lugendum
1128 1623 1193 1682 apud
1207 1623 1279 1670 eund.

357 1693 413 1740 Liv.
438 1694 466 1752 t,
493 1696 505 1739 1
530 1694 565 1740 M.
588 1694 676 1741 Furius
694 1695 771 1741 Fusus
786 1707 838 1754 ’818
855 1695 890 1740 Μ.
908 1694 1058 1751 Postumio).
1090 1692 1219 1746 Censores
1237 1712 1281 1744 nen

358 1765 469 1816 uxorium
490 1764 524 1816 iis
549 1765 594 1831 qui
617 1765 731 1816 caelibes
755 1764 788 1816 sd
811 1768 971 1817 senectutem
999 1764 1170 1828 mansissent,
1198 1764 1280 1830 impo-

358 1838 474 1888 suerunt.
515 1835 642 1888 Militibus
655 1836 736 1888 Veios
759 1835 940 1888 obsidentibus
958 1835 1125 1888 hibernacula
1142 1833 1280 1887 aedifican-

357 1909 411 1969 tur,
435 1906 483 1959 sed
506 1907 628 1973 operibus
648 1907 830 1959 aVeientibus
853 1907 983 1970 incensis,
1007 1905 1165 1974 oppugnatio
1188 1920 1280 1958 rursus

358 1976 516 2044 aliquamdiu
535 1981 630 2029 cessat.

134 2046 192 2100 402
241 2045 293 2099 352
335 2047 376 2098 VI
391 2050 446 2098 trib.
465 2049 515 2098 nil.
534 2067 598 2099 cons.
617 2059 670 2114 pot.
689 2046 763 2111 (Liv.
781 2046 807 2111 5,
826 2046 867 2111 8).
903 2047 1003 2100 Falisci
1026 2049 1052 2099 et
1071 2046 1216 2114 Capenates
1235 2046 1279 2098 ob*

358 2118 486 2180 sidionem
498 2118 620 2170 Veiorum
641 2119 753 2182 solvunt,
770 2119 861 2170 alteris
881 2119 974 2171 castris
993 2119 1118 2170 Romame
1137 2112 1177 2169 Μ’.
1192 2117 1279 2185 Sergii

359 2192 386 2240 et
403 2189 433 2241 L.
453 2189 571 2257 Verginii
594 2190 756 2242 tribunorum
774 2189 906 2242 discordia
924 2191 1016 2258 captis.
1053 2189 1138 2241 Etiam
1154 2188 1246 2240 Anxur
1264 2203 1280 2238 8

357 2259 463 2312 Volscis
482 2260 616 2328 recipitur.
647 2260 793 2313 sollemnes
812 2260 932 2312 ineundis
951 2261 1147 2329 magistratibus
1163 2258 1203 2323 te,
1215 2259 1278 2310 Dec.

356 2335 428 2394 sunt,
448 2330 495 2384 sed
513 2332 605 2383 ineunt
624 2347 690 2384 anno
709 2333 792 2398 inseq.
814 2331 869 2384 081
889 2332 946 2384 081.

133 2402 188 2455 401
239 2399 294 2454 353
335 2400 900 2468 1711111.11111.8888.881.(111.5,10).
931 2402 1067 2469 Multiplex
1084 2401 1165 2469 igitur
1182 2400 1280 2452 bellum

360 2476 451 2524 contra
462 2473 600 2537 Veientes,
617 2473 750 2537 Faliscos,
770 2473 929 2541 0888118188,
948 2472 1059 2526 Volscos
1079 2472 1185 2540 geritur.
1222 2470 1280 2523 Tri-

356 2543 434 2596 bunis
452 2544 487 2612 pl.
507 2546 690 2598 accusantibus
710 2544 821 2614 Sergius
837 2549 864 2597 et
875 2545 1016 2613 Verginius
1035 2544 1143 2596 salutari
1159 2542 1279 2610 exemplo

359 2614 522 2667 damnantur.
799 2638 802 2644 <

133 2685 191 2753 3400
240 2683 292 2738 354
333 2683 374 2736 VI
389 2688 445 2737 sib.
467 2687 517 2738 nil.
536 2704 600 2738 cons.
617 2697 677 2752 pot,
704 2701 813 2754 quorum
830 2701 910 2738 nnnm
933 2685 1016 2738 inisse
1035 2686 1066 2737 de
1089 2685 1165 2752 plebe
1184 2684 1214 2736 P.
1233 2684 1279 2735 Li·

358 2759 446 2808 cinium
467 2757 834 2821 081888118119118111,
854 2756 1106 2825 8818188881118188.
1136 2755 1189 2808 Sed
1201 2759 1278 2819 errat,

357 2843 417 2879 nam
435 2831 538 2896 praeter
555 2829 629 2881 illum
647 2829 743 2896 plebeii
755 2830 817 2880 item
830 2828 863 2878 L.
876 2829 990 2889 Titinius,
1009 2828 1040 2880 P.
1051 2828 1168 2890 Maelius,
1186 2827 1218 2878 L.
1228 2826 1279 2876 Pu·

358 2900 441 2950 tliiius
455 2899 570 2951 Volscus:
593 2900 698 2968 patricii
715 2899 767 2952 duc
784 2900 816 2950 P.
835 2900 960 2963 Manlius,
984 2899 1030 2965 Sp.
1048 2900 1146 2949 Furius.
1187 2896 1279 2949 Anxur

134 3037 189 3091 399
239 3034 291 3091 355
333 2970 777 3109 171θ1111118ῐ1111ῐ88118838111ῗ1611111118
795 3039 852 3091 Lis.
871 3037 897 3103 5,
917 3037 951 3091 13
972 3041 1076 3106 praeter
1097 3053 1177 3091 unum
1199 3037 1278 3104 patri-

359 3111 444 3176 cium,
468 3127 558 3166 omnes
576 3114 693 3181 plebeios
711 3112 793 3164 fuisse
812 3111 856 3162 ait.
898 3110 952 3163 Sed
969 3113 1031 3162 sunt
1049 3110 1099 3162 duo
1117 3109 1222 3176 patricii
1240 3108 1277 3159 M.

363 3183 484 3247 Veturius,
507 3185 549 3235 On.
563 3184 692 3247 Genucius,
711 3186 833 3251 quattuor
844 3180 941 3250 plebeii
953 3182 990 3232 M.
1001 3181 1155 3248 Pomponius,
1176 3180 1203 3231 C.
1213 3180 1278 3230 Dui-

358 3255 414 3317 lius,
439 3254 492 3306 Vol.
511 3255 643 3318 Publilius,
667 3257 699 3307 L.
719 3256 820 3307 Atilius.
856 3253 955 3305 Falisci
973 3256 1000 3304 et
1018 3251 1164 3319 Capenates
1182 3251 1279 3303 frustra

357 3324 490 3389 Veientes,
515 3326 604 3394 inopia
621 3325 743 3378 frumenti
765 3325 926 3388 laborantes,
953 3322 1088 3376 obsidione
1106 3323 1216 3374 liberare
1235 3336 1278 3373 co·

356 3400 459 3448 nantur.
497 3396 550 3449 Sed
573 3398 671 3449 Romae
698 3397 849 3465 pestilentia
871 3398 924 3459 est,
953 3395 1028 3447 cuius
1051 3393 1175 3445 levandae
1198 3407 1278 3445 cauea

232 3500 237 3505 -
356 3469 412 3519 tum
430 3467 542 3535 primum
561 3483 594 3520 ex
612 3469 686 3521 libris
706 3468 798 3535 Sibyll.
817 3467 1007 3519 lectisternium
1025 3465 1130 3518 factum.

135 3538 192 3594 398
240 3537 293 3592 356
338 3538 379 3590 VI
394 3540 450 3589 trit.
473 3541 524 3590 nil.
546 3558 610 3590 cuns.
630 3551 683 3606 pot.
709 3539 780 3601 (Lis.
800 3538 829 3602 5,
850 3537 900 3600 ld)
925 3551 1014 3589 omnes
1037 3536 1149 3604 patricii.
1184 3533 1279 3602 Legati

355 3608 471 3676 Delphos
490 3611 628 3662 mittuntur
646 3610 678 3662 de
696 3610 816 3677 prodigio
833 3608 943 3661 Albano.

135 3680 189 3734 881
239 3662 291 3733 sit
334 3678 375 3731 Vl
391 3682 446 3731 88.
465 3682 515 3732 nst.
534 3692 667 3747 81888.
686 3680 757 3744 (811.
771 3680 796 3743 r,
812 3679 859 3741 18)
878 3681 940 3732 rum
959 3678 1062 3746 paulun
1079 3691 1177 3730 omnes.
1214 3675 1277 3727 rar-

358 3751 509 3818 quinienses
534 3753 597 3804 novi
619 3753 709 3805 hostes
732 3750 873 3814 accedunt,
897 3749 944 3802 sed
962 3749 1076 3816 reliquos
1095 3747 1213 3799 Etruriae
1230 3760 1298 3814 po·.

357 3822 434 3890 pules
450 3824 554 3888 propius
579 3842 596 3874 a
616 3823 699 3875 Gallis
718 3823 853 3888 periculum
871 3822 1027 3874 constrictos
1046 3822 1131 3882 tenet,
1154 3818 1211 3885 qui,
1235 3831 1277 3869 ec·

357 3892 460 3960 81188118
479 3894 549 3945 81188
560 3892 660 3946 Padum
679 3908 780 3944 amnem
798 3894 884 3956 terris,
904 3891 1049 3944 Tuscorum
1068 3890 1188 3942 civitates
1207 3887 1277 3940 bello

357 3966 487 4030 premunt.
523 3965 633 4032 Propter
651 3964 795 4017 discordias
814 3964 959 4030 interreges
978 3965 1039 4014 sunt
1057 3961 1130 4012 exitu
1148 3959 1217 4013 anni.

133 4033 188 4088 396
237 4029 292 4085 ebe
334 4032 375 4084 VI
390 4036 445 4085 tuit.
465 4036 515 4086 nil.
534 4054 597 4088 cons.
613 4047 676 4102 pot,
694 4035 777 4087 maior
795 4048 856 4102 pars
875 4033 906 4085 de
918 4033 994 4101 plebe
1006 4032 1037 4084 P.
1047 4033 1168 4095 Licinius,
1187 4030 1221 4082 L.
1234 4030 1276 4081 Ti-

358 4106 439 4169 tinius,
458 4105 488 4157 P.
508 4106 625 4172 Maelius,
645 4107 677 4157 L.
695 4106 798 4168 Atilius,
821 4106 848 4157 hi
866 4119 956 4157 omnes
974 4105 1081 4166 iterum,
1103 4102 1207 4170 patricii
1225 4101 1276 4152 duo

359 4176 403 4227 Cn.
430 4176 552 4228 Genucius
570 4178 604 4228 ΙΙ
623 4182 649 4230 81
674 4177 704 4237 Q.
728 4177 841 4228 Montius
858 4176 930 4238 (Liv.
953 4174 983 4239 5,
1009 4174 1041 4227 le
1064 4171 1182 4233 erravit.)
1224 4171 1277 4224 sed

356 4247 395 4298 M.
413 4248 505 4299 Furius
526 4249 643 4301 Camillus
660 4248 771 4301 dictator
789 4246 834 4311 (P.
848 4247 985 4301 0811181188
1002 4243 1188 4313 Maluginensis
1207 4257 1275 4310 mag.

352 4316 413 4385 eq.)
433 4318 519 4371 dictus
532 4319 651 4373 Faliscos
670 4324 697 4372 et
709 4319 855 4388 Capenates
872 4318 994 4380 devincit,
1012 4319 1068 4368 tum
1080 4314 1113 4367 ad
1125 4328 1276 4381 oppugnan-

357 4388 405 4442 dos
418 4389 511 4513 Vtottcs
530 4404 672 4444 conversus
685 4391 774 4444 urbem
791 4391 895 4444 tandem
907 4387 1036 4441 cuniculis
1049 4386 1146 4438 81111.
1174 4384 1275 4437 Trium-

356 4460 424 4528 phus
466 4460 555 4514 amilli.
