3012 5062
232 451 267 508 68
693 445 800 497 Annales
818 444 921 495 Romani

234 629 311 670 acar.
351 638 400 670 ac.
468 695 539 733 mm
551 678 621 732 Latii
638 678 772 742 infestant,
792 692 900 744 „mque
918 675 1029 728 unane
1048 674 1082 726 ob
1101 673 1313 727 causamfoedue
1327 689 1383 727 cum

469 751 729 820 Carthaginiensibus
747 751 828 801 ictum
846 751 895 801 est

250 826 302 880 347
349 824 402 878 407
440 822 500 875 Cos.
524 822 552 873 T.
572 823 685 873 Manlius
703 822 828 888 [asperior.
851 820 934 884 Tora,
961 817 988 867 C.
1008 817 1124 868 Plautius
1135 815 1216 867 Venno
1233 817 1388 884 Hypsaeus.)
1482 890 1483 905 χ

468 892 675 948 Semunciarium
693 892 769 945 fenus
787 890 817 943 lit
835 906 868 942 ex
887 889 1012 941 unciario.

250 968 303 1021 141
354 966 406 1019 408
444 963 505 1017 cas.
524 964 562 1014 u.
580 964 693 1016 russas
707 962 799 1014 comat
817 962 855 1026 rs,
881 961 907 1012 e.
926 958 1127 1010 11111110
1143 957 1310 1021 urorum>
1341 959 1388 1012 ln·
1482 928 1483 939 '

469 1035 571 1086 tiatium
590 1037 616 1087 et
628 1034 791 1098 Volscorum,
809 1032 920 1100 populos
938 1030 1046 1082 Latinos
1066 1028 1099 1080 ad
1116 1027 1214 1080 bellum
1235 1044 1296 1081 cum
1317 1030 1388 1083 Rom.

470 1105 676 1171 sollicitantium,
695 1108 804 1157 coriatus
818 1102 920 1156 Satrico
938 1104 1016 1168 capto
1033 1102 1060 1152 et
1072 1114 1164 1151 everso
1177 1100 1388 1167 comprimuntur.

355 1196 357 1205 ¹
470 1176 554 1228 Alteri
572 1176 627 1229 ludi
645 1172 792 1229 saeculares
810 1174 880 1225 11111.

235 1247 305 1303 *345
352 1247 405 1300 409
443 1245 504 1299 Cos.
523 1247 561 1298 Μ.
580 1248 675 1298 Fabius
692 1249 783 1311 Dorso,
811 1245 867 1296 Ser.
886 1244 1012 1309 Sulpicius
1033 1241 1174 1292 Camerinus
1192 1242 1291 1309 Rufus,
1318 1245 1390 1296 ambo
1444 1308 1447 1309 7

472 1317 594 1385 patricii.)
621 1317 696 1369 Belle
713 1331 771 1368 cum
783 1315 914 1368 Auruncis
933 1318 960 1366 et
969 1313 1073 1366 Volscis
1093 1311 1162 1363 iacto
1181 1313 1259 1364 etiam
1272 1314 1303 1365 L.
1314 1314 1390 1367 Furio

474 1386 583 1440 Camillo
595 1387 621 1439 ΙΙ
640 1388 768 1443 dictatore
787 1385 955 1450 (0111111111
975 1384 1059 1452 Capit.
1074 1378 1169 1452 imper.
1190 1399 1257 1452 mag.
1276 1384 1333 1452 eq.)
1351 1402 1390 1455 ge·
1483 1420 1484 1453 r

472 1462 571 1523 rantur,
591 1459 736 1526 exquibus
756 1458 822 1511 Sora
840 1458 872 1509 ad
890 1457 971 1509 Lirim
990 1456 1100 1523 eapitur.

253 1530 306 1584 344
353 1529 406 1582 410
443 1527 503 1581 Cos.
526 1530 552 1580 0.
564 1530 677 1581 Marcius
690 1530 791 1580 Rutilus
804 1529 856 1593 III,
879 1528 1031 1579 PManlius
1043 1526 1169 1590 imputes.
1185 1525 1329 1591 Torquatus
1341 1528 1390 1588 H.)
1483 1512 1484 1523 ¹

472 1599 559 1657 Aedes
577 1600 696 1653 Monetae
719 1601 747 1652 in
770 1599 882 1668 Capitol.
904 1598 1034 1650 dedicata.
1076 1595 1105 1648 P.
1119 1595 1239 1649 Valerius
1259 1597 1392 1666 Poplicola

370 1707 374 1713 -
473 1669 545 1735 dict,
562 1670 597 1733 Q.'
612 1672 710 1724 Fabius
728 1670 872 1724 Ambustus
890 1685 958 1737 mag.
977 1684 1027 1737 eq,
1044 1666 1181 1735 religionis
1200 1682 1288 1720 causa

236 1739 307 1794 ⁸343
355 1740 405 1793 411
445 1740 563 1793 110111.
579 1742 694 1794 Valerius
715 1742 806 1793 Coruus
824 1741 883 1804 Ill,
909 1742 943 1791 A.
963 1740 1057 1790 Oorrrel.
1079 1738 1169 1789 Cossus
1186 1740 1296 1802 Aruina,
1320 1740 1392 1795 ambo

471 1813 576 1880 patricii
598 1829 645 1881 per
667 1814 812 1881 interreges
835 1812 925 1864 creati.
968 1808 1107 1876 Campani,
1132 1812 1238 1877 propter
1253 1809 1392 1863 'Sidicinos

473 1883 576 1936 adiutos
598 1900 616 1936 a
638 1883 799 1938 Samnitibus
823 1882 892 1935 bello
915 1881 991 1949 petiti
1014 1884 1041 1932 et
1064 1881 1138 1943 vicli,
1163 1880 1288 1932 Romanis
1313 1879 1392 1945 (adde

475 1955 552 2006 etiam
577 1956 675 2007 nomini
698 1953 808 2018 Latine)
838 1968 866 2006 se
890 1953 916 2004 iu
942 1952 1070 2003 dicionem
1095 1950 1201 2002 dedunt.
1241 1949 1319 2004 llissi
1342 1967 1391 2005 cos

475 2039 535 2076 cum
553 2026 712 2078 exercitibus
730 2024 850 2078 Valerius
868 2024 992 2074 Seruatus·
1010 2022 1044 2074 ad
1061 2024 1174 2074 moutam
1188 2021 1306 2074 Gaurum
1325 2039 1391 2075 acer·

474 2096 540 2146 rimo
558 2095 657 2164 proelio
677 2097 765 2159 vincit,
785 2095 922 2148 Cornelius
941 2094 969 2145 in
981 2093 1087 2145 Samnio
1100 2093 1308 2145 circumventum
1322 2109 1391 2146 exer·

476 2166 556 2217 citum
574 2166 674 2234 insigni
691 2166 720 2218 P.
733 2167 816 2230 Decii,
838 2166 898 2217 trib.
917 2164 981 2227 mil,
1003 2163 1155 2215 fortitudine
1175 2167 1274 2216 serrat:
1300 2165 1390 2217 iterum

477 2235 597 2288 Valen'us
615 2237 705 2290 hostes
724 2236 758 2288 ad
775 2236 928 2289 Suessulam
945 2233 1074 2302 profligat

257 2304 309 2358 342
356 2304 408 2356 412
446 2304 507 2358 Cos.
529 2307 556 2358 C.
576 2308 689 2361 Marcius
707 2308 810 2359 Rutilus
827 2308 846 2358 I
850 2308 877 2370 V,
899 2306 928 2366 Q.
948 2306 1070 2357 Seruilius
1088 2305 1173 2355 Ataia
1190 2305 1261 2366 III.)
1289 2306 1391 2370 11111111,

476 2378 521 2445 qni
536 2377 572 2433 ,sd
591 2377 707 2446 Capuam
724 2379 931 2440 hibernaverant‚
956 2376 1083 2429 seditione
1102 2374 1184 2439 faeta,
1208 2376 1319 2428 Romam
1338 2392 1391 2446 pro·

416 2460 418 2466 “
475 2447 635 2501 ficiscuntur.
679 2450 829 2503 Restituitur
856 2449 984 2499 concordia
1006 2462 1054 2515 per
1075 2445 1107 2498 lt.
1126 2445 1259 2498 Valerium
1282 2446 1391 2500 Corvum

401 2538 414 2555 υ
478 2518 539 2571 dict.
563 2519 608 2582 (L.
626 2518 766 2573 Aemilium
782 2519 967 2572 Mamercinum
984 2517 1161 2571 Privernatem
1186 2532 1254 2586 mag.
1279 2519 1346 2586 eq),
1369 2523 1392 2571 11

477 2594 592 2653 cavetur,
610 2606 642 2642 ne
660 2592 719 2658 quis
738 2591 847 2642 eundem
866 2590 1047 2658 magistratum
1063 2588 1138 2639 iutra*
1152 2587 1186 2639 10
1198 2604 1280 2641 annos
1301 2592 1391 2658 capiat,

477 2675 529 2711 neu
547 2659 612 2712 duos
630 2662 747 2729 magistr.
766 2676 818 2713 uno
837 2674 905 2712 anno
917 2663 999 2728 gerat,
1019 2658 1107 2726 utique
1120 2673 1173 2710 noo
1186 2659 1272 2710 solum
1285 2660 1390 2713 alterum

478 2745 550 2783 cons.
574 2747 607 2783 ex
631 2731 707 2799 plebs
729 2733 812 2785 creari
835 2733 968 2799 oporteat,
991 2730 1138 2782 sedetiam
1162 2730 1252 2782 ambos
1276 2730 1391 2798 plebeios

476 2802 559 2853 creari
587 2801 672 2855 liceat.
719 2802 807 2855 Fenus
836 2818 912 2854 omne
939 2800 1071 2853 sublatum
1098 2801 1233 2867 rogatione
1267 2801 1391 2865 (tenucla,

474 2871 531 2927 Liu.
551 2872 576 2937 7,
594 2872 639 2927 42.
1249 2882 1253 2888 '

256 2942 306 2995 341
355 2942 409 2996 413
445 2942 505 2996 011.
532 2944 558 2994 0.
577 2944 693 2997 Plautius
707 2944 787 2996 Venno
807 2942 940 3011 Hypsaeus
960 2942 1002 3005 ΙΙ,
1032 2942 1063 2994 L.
1082 2942 1202 2993 Aemilius
1227 2942 1391 2995 Mamercinus

211 3014 217 3025 ‘
475 3014 614 3066 Priuernas.
656 3015 803 3082 interreges
823 3014 894 3066 exitu
913 3013 993 3074 anui.)
1037 3011 1103 3064 (lum
1120 3012 1282 3066 Samnitibus
1302 3013 1391 3067 foedus

476 3100 506 3136 aa
520 3087 633 3137 societas
646 3084 684 3148 fit,
702 3086 787 3154 daque
799 3085 965 3154 permittitur,
985 3087 1014 3134 ut
1026 3083 1150 3135 Sidicinis
1161 3083 1260 3135 bellum
1273 3085 1390 3138 inferant.

475 3155 606 3208 Omissum
624 3156 720 3209 bellum
738 3156 826 3209 Latini
843 3159 870 3207 at
887 3154 1013 3222 Campani
1031 3155 1186 3222 suscipiunt,
1204 3154 1273 3207 baud
1291 3157 1392 3209 occulte

475 3224 647 3278 deiectionem
665 3243 681 3277 a
699 3227 824 3279 Romanis
841 3226 988 3278 molientes.

257 3294 311 3347 340
356 3295 409 3347 414
446 3295 507 3348 Cos.
529 3296 557 3348 Τ.
571 3296 683 3348 Manlius
696 3297 783 3362 Impar.
806 3298 923 3362 Torquat.
936 3297 991 3359 III,
1014 3293 1057 3347 *R
1070 3296 1163 3349 Decius
1177 3295 1259 3356 Mus.)
1280 3296 1392 3350 Senatus

476 3381 587 3434 popque
610 3367 685 3421 Rom.
707 3369 845 3435 postulatis
867 3368 1032 3430 Latinorum,
1056 3370 1086 3419 ut
1106 3366 1244 3421 consulum
1273 3368 1341 3420 alter
1363 3384 1393 3421 ex
1486 3392 1487 3417 r

475 3436 577 3489 Latinis
596 3441 706 3500 creetur,
725 3440 895 3491 exacerbatus
913 3438 1011 3491 bellum
1029 3438 1062 3490 iis
1081 3436 1175 3489 inferre
1194 3438 1294 3490 statuit.
1334 3438 1392 3492 Oos.

475 3522 523 3574 per
540 3506 606 3559 fines
619 3507 773 3561 Samnitium
791 3510 819 3561 in
832 3508 955 3577 Campam
968 3508 1180 3576 proficiscuntur:
1200 3510 1282 3561 atroci
1294 3510 1393 3581 proelio

474 3577 544 3630 baud
561 3578 653 3647 procul
669 3579 801 3633 radicibus
809 3580 918 3633 Vesuvii
936 3579 1040 3643 montis,
1058 3593 1110 3646 qua
1128 3579 1171 3631 ria
1182 3578 1347 3633 steserim
1360 3581 1393 3633 fe·

475 3649 557 3713 rebat,
575 3648 653 3714 iacto,
671 3650 759 3703 Latini
777 3655 804 3704 et
822 3651 957 3719 Campani,
975 3650 1004 3701 P.
1018 3649 1099 3702 Decio
1117 3649 1261 3705 devorante
1281 3667 1320 3716 11,
1341 3653 1393 3705 vin·

474 3723 576 3773 cuntur.
617 3720 708 3774 Altero
726 3723 826 3789 proelio
843 3723 908 3775 uicti
926 3725 1029 3789 praeter
1046 3720 1166 3773 Antiates
1185 3735 1214 3773 se
1233 3720 1346 3788 dedunt,
1369 3727 1394 3776 et

475 3791 617 3844 multantur
634 3806 755 3861 agrorum
773 3796 854 3861 parte,
874 3793 935 3845 dnm
949 3791 1074 3860 Campani
1097 3792 1199 3859 equites
1223 3792 1331 3845 civitate
1350 3794 1393 3846 do

475 3866 577 3915 uantur.
604 3863 634 3915 L.
653 3864 773 3931 Papirius
791 3863 914 3929 Crassus,
933 3864 978 3930 qui
995 3868 1051 3915 turn
1069 3865 1173 3929 praetor
1191 3866 1254 3927 erat,
1274 3863 1337 3916 dict
1357 3865 1393 3917 di-

475 3936 543 3997 ctus,
561 3934 591 3985 L.
610 3934 730 4002 Papirius
750 3933 848 3987 Cursor
865 3950 933 4002 mag.
953 3948 993 4001 eq.

255 3999 308 4053 339
355 4002 407 4057 415
444 4004 504 4056 Cos.
527 4004 581 4056 Tib.
602 4004 957 4069 AemiliusMamcrcis.,*t1
970 4004 1094 4056 Publilius
1105 4002 1204 4065 Ptilo.)
1223 4003 1333 4073 Aliquot
1350 4021 1395 4075 po-

256 4100 259 4103 ·
474 4075 530 4142 puli
547 4075 604 4127 Lat.
623 4076 762 4139 rebellant,
781 4091 846 4143 quos
864 4076 991 4128 Aemilius
1011 4090 1065 4139 cos.
1084 4075 1179 4138 uincit,
1203 4091 1287 4142 neque
1306 4081 1394 4130 111111

474 4143 586 4208 Pedum,
609 4150 688 4213 caput
705 4147 776 4210 belli,
794 4162 886 4214 capere
908 4149 1004 4214 potest.
1049 4145 1079 4205 Q,
1098 4146 1235 4210 Rsbliliua,
1258 4148 1395 4217 acollega

474 4214 591 4280 patribus
613 4215 716 4269 infenso
735 4217 848 4269 dictator
869 4217 967 4280 dictus,
996 4216 1043 4279 (D.
1061 4217 1153 4279 lunius
1176 4216 1274 4270 Brutus
1294 4218 1396 4272 Scaeva

473 4300 542 4352 mag.
566 4284 621 4352 eq.)
645 4287 728 4339 tribus
751 4289 845 4354 lapitas
867 4288 941 4350 latis,
966 4287 1050 4355 plebis
1073 4287 1215 4355 populique
1237 4291 1394 4356 potestatem
1484 4264 1487 4371 1

473 4358 560 4422 auget.
601 4354 668 4407 Nam
685 4359 816 4410 sancitum
834 4363 875 4411 est
892 4359 988 4426 prima,
1013 4362 1042 4410 ut
1064 4358 1203 4426 plebiscita
1221 4372 1314 4413 omnes
1336 4359 1395 4424 Qui-

473 4425 537 4477 rites
555 4429 681 4490 tenerent,
701 4429 791 4492 altera,
808 4432 838 4482 ut
855 4429 951 4497 legum,
971 4444 1037 4496 quae
1049 4429 1163 4501 comitiis
1177 4431 1332 4485 centuriatis
1347 4431 1393 4484 ler-

1485 4378 1487 4415 1
