<?xml version="1.0" encoding="UTF-8"?>
<!DOCTYPE html PUBLIC "-//W3C//DTD XHTML 1.0 Transitional//EN"
    "http://www.w3.org/TR/xhtml1/DTD/xhtml1-transitional.dtd">
<html xmlns="http://www.w3.org/1999/xhtml" xml:lang="en" lang="en">
 <head>
  <title>
</title>
<meta http-equiv="Content-Type" content="text/html;charset=utf-8" />
  <meta name='ocr-system' content='tesseract 3.04.00' />
  <meta name='ocr-capabilities' content='ocr_page ocr_carea ocr_par ocr_line ocrx_word'/>
</head>
<body>
  <div class='ocr_page' id='page_1' title='image "annalesveterumr01zumpgoog_0025.png"; bbox 0 0 3062 5064; ppageno 0'>
   <div class='ocr_carea' id='block_1_1' title="bbox 234 448 916 508">
    <p class='ocr_par' dir='ltr' id='par_1_1' title="bbox 234 448 916 508">
     <span class='ocr_line' id='line_1_1' title="bbox 234 448 916 508; baseline 0 -14"><span class='ocrx_word' id='word_1_1' title='bbox 234 466 278 508; x_wconf 73' lang='grc' dir='ltr'><strong>ῃ</strong></span> <span class='ocrx_word' id='word_1_2' title='bbox 719 449 757 496; x_wconf 86' lang='lat' dir='ltr'><strong>De</strong></span> <span class='ocrx_word' id='word_1_3' title='bbox 775 448 916 495; x_wconf 81' lang='lat' dir='ltr'><strong>auctoribus</strong></span> 
     </span>
    </p>
   </div>
   <div class='ocr_carea' id='block_1_2' title="bbox 236 622 1398 700">
    <p class='ocr_par' dir='ltr' id='par_1_2' title="bbox 236 622 1398 700">
     <span class='ocr_line' id='line_1_2' title="bbox 236 622 1398 700; baseline -0.009 -16"><span class='ocrx_word' id='word_1_4' title='bbox 236 631 380 700; x_wconf 85' lang='lat' dir='ltr'><strong>pessimus:</strong></span> <span class='ocrx_word' id='word_1_5' title='bbox 400 628 434 681; x_wconf 92' lang='lat' dir='ltr'><strong>de</strong></span> <span class='ocrx_word' id='word_1_6' title='bbox 453 628 518 678; x_wconf 82' lang='lat' dir='ltr'><strong>lulio</strong></span> <span class='ocrx_word' id='word_1_7' title='bbox 534 626 674 692; x_wconf 77' lang='lat' dir='ltr'><strong>Capitolino</strong></span> <span class='ocrx_word' id='word_1_8' title='bbox 692 626 720 678; x_wconf 91' lang='lat' dir='ltr'><strong>in</strong></span> <span class='ocrx_word' id='word_1_9' title='bbox 738 625 787 678; x_wconf 88' lang='lat' dir='ltr'><strong>hac</strong></span> <span class='ocrx_word' id='word_1_10' title='bbox 805 626 879 692; x_wconf 89' lang='lat' dir='ltr'><strong>parte</strong></span> <span class='ocrx_word' id='word_1_11' title='bbox 897 638 949 675; x_wconf 88' lang='lat' dir='ltr'><strong>non</strong></span> <span class='ocrx_word' id='word_1_12' title='bbox 968 638 1070 688; x_wconf 87' lang='lat' dir='ltr'><strong>recuso,</strong></span> <span class='ocrx_word' id='word_1_13' title='bbox 1090 623 1229 691; x_wconf 77' lang='lat' dir='ltr'><strong>quominus</strong></span> <span class='ocrx_word' id='word_1_14' title='bbox 1247 623 1320 674; x_wconf 81' lang='lat' dir='ltr'><strong>vitae</strong></span> <span class='ocrx_word' id='word_1_15' title='bbox 1333 622 1398 675; x_wconf 89' lang='lat' dir='ltr'><strong>Per·</strong></span> 
     </span>
    </p>
   </div>
   <div class='ocr_carea' id='block_1_3' title="bbox 235 709 1474 779">
    <p class='ocr_par' dir='ltr' id='par_1_3' title="bbox 235 709 1474 779">
     <span class='ocr_line' id='line_1_3' title="bbox 235 709 1474 779; baseline -0.007 -9"><span class='ocrx_word' id='word_1_16' title='bbox 235 717 343 779; x_wconf 87' lang='lat' dir='ltr'><strong>tinacia,</strong></span> <span class='ocrx_word' id='word_1_17' title='bbox 367 713 470 777; x_wconf 74' lang='lat' dir='ltr'><strong>Albini,</strong></span> <span class='ocrx_word' id='word_1_18' title='bbox 487 713 596 765; x_wconf 87' lang='lat' dir='ltr'><strong>Macrini</strong></span> <span class='ocrx_word' id='word_1_19' title='bbox 614 713 647 765; x_wconf 86' lang='lat' dir='ltr'><strong>ab</strong></span> <span class='ocrx_word' id='word_1_20' title='bbox 666 727 697 764; x_wconf 92' lang='lat' dir='ltr'><strong>eo</strong></span> <span class='ocrx_word' id='word_1_21' title='bbox 716 711 898 765; x_wconf 89' lang='lat' dir='ltr'><strong>abiudicentur</strong></span> <span class='ocrx_word' id='word_1_22' title='bbox 916 713 943 762; x_wconf 92' lang='lat' dir='ltr'><strong>et</strong></span> <span class='ocrx_word' id='word_1_23' title='bbox 961 709 1101 777; x_wconf 82' lang='lat' dir='ltr'><strong>Spartiano</strong></span> <span class='ocrx_word' id='word_1_24' title='bbox 1120 713 1295 777; x_wconf 84' lang='lat' dir='ltr'><strong>apponantur,</strong></span> <span class='ocrx_word' id='word_1_25' title='bbox 1318 710 1398 762; x_wconf 89' lang='lat' dir='ltr'><strong>cuius</strong></span> <span class='ocrx_word' id='word_1_26' title='bbox 1472 772 1474 775; x_wconf 12' lang='lat' dir='ltr'>v</span> 
     </span>
    </p>
   </div>
   <div class='ocr_carea' id='block_1_4' title="bbox 191 796 1467 3978">
    <p class='ocr_par' dir='ltr' id='par_1_4' title="bbox 195 796 1458 1384">
     <span class='ocr_line' id='line_1_4' title="bbox 237 796 1398 869; baseline -0.007 -13"><span class='ocrx_word' id='word_1_27' title='bbox 237 802 369 856; x_wconf 88' lang='lat' dir='ltr'><strong>scribendi</strong></span> <span class='ocrx_word' id='word_1_28' title='bbox 387 801 477 869; x_wconf 79' lang='lat' dir='ltr'>generi</span> <span class='ocrx_word' id='word_1_29' title='bbox 495 801 609 852; x_wconf 82' lang='lat' dir='ltr'><strong>maxime</strong></span> <span class='ocrx_word' id='word_1_30' title='bbox 622 801 788 852; x_wconf 84' lang='lat' dir='ltr'><strong>conueniunt.</strong></span> <span class='ocrx_word' id='word_1_31' title='bbox 814 798 905 851; x_wconf 81' lang='lat' dir='ltr'><strong>Ceteri</strong></span> <span class='ocrx_word' id='word_1_32' title='bbox 919 799 1061 864; x_wconf 76' lang='lat' dir='ltr'>scriptores</span> <span class='ocrx_word' id='word_1_33' title='bbox 1073 800 1144 864; x_wconf 84' lang='lat' dir='ltr'><strong>eunt,</strong></span> <span class='ocrx_word' id='word_1_34' title='bbox 1163 796 1196 848; x_wconf 91' lang='lat' dir='ltr'><strong>de</strong></span> <span class='ocrx_word' id='word_1_35' title='bbox 1209 797 1303 864; x_wconf 87' lang='lat' dir='ltr'><strong>quibus</strong></span> <span class='ocrx_word' id='word_1_36' title='bbox 1316 796 1398 863; x_wconf 85' lang='lat' dir='ltr'><strong>vulgo</strong></span> 
     </span>
     <span class='ocr_line' id='line_1_5' title="bbox 237 881 1399 954; baseline -0.009 -11"><span class='ocrx_word' id='word_1_37' title='bbox 237 889 368 951; x_wconf 83' lang='lat' dir='ltr'><strong>convenit,</strong></span> <span class='ocrx_word' id='word_1_38' title='bbox 386 888 468 939; x_wconf 82' lang='lat' dir='ltr'><strong>lolius</strong></span> <span class='ocrx_word' id='word_1_39' title='bbox 482 887 643 952; x_wconf 79' lang='lat' dir='ltr'><strong>Capitolinas,</strong></span> <span class='ocrx_word' id='word_1_40' title='bbox 669 888 714 954; x_wconf 90' lang='lat' dir='ltr'><strong>qui</strong></span> <span class='ocrx_word' id='word_1_41' title='bbox 732 886 842 937; x_wconf 89' lang='lat' dir='ltr'><strong>duorum</strong></span> <span class='ocrx_word' id='word_1_42' title='bbox 860 884 1059 937; x_wconf 77' lang='lat' dir='ltr'><strong>Maximinorum</strong></span> <span class='ocrx_word' id='word_1_43' title='bbox 1077 882 1170 950; x_wconf 87' lang='lat' dir='ltr'><strong>(patris</strong></span> <span class='ocrx_word' id='word_1_44' title='bbox 1188 887 1215 935; x_wconf 90' lang='lat' dir='ltr'><strong>et</strong></span> <span class='ocrx_word' id='word_1_45' title='bbox 1231 881 1300 945; x_wconf 85' lang='lat' dir='ltr'><strong>tilii),</strong></span> <span class='ocrx_word' id='word_1_46' title='bbox 1318 882 1399 934; x_wconf 88' lang='lat' dir='ltr'><strong>trium</strong></span> 
     </span>
     <span class='ocr_line' id='line_1_6' title="bbox 238 970 1458 1049; baseline -0.007 -21"><span class='ocrx_word' id='word_1_47' title='bbox 238 975 428 1029; x_wconf 82' lang='lat' dir='ltr'><strong>Gordianorum</strong></span> <span class='ocrx_word' id='word_1_48' title='bbox 450 976 477 1025; x_wconf 91' lang='lat' dir='ltr'><strong>et</strong></span> <span class='ocrx_word' id='word_1_49' title='bbox 494 972 601 1024; x_wconf 78' lang='lat' dir='ltr'><strong>Maximi</strong></span> <span class='ocrx_word' id='word_1_50' title='bbox 619 976 646 1025; x_wconf 91' lang='lat' dir='ltr'><strong>et</strong></span> <span class='ocrx_word' id='word_1_51' title='bbox 663 973 768 1026; x_wconf 89' lang='lat' dir='ltr'><strong>Balbini</strong></span> <span class='ocrx_word' id='word_1_52' title='bbox 791 973 859 1025; x_wconf 82' lang='lat' dir='ltr'><strong>vitas</strong></span> <span class='ocrx_word' id='word_1_53' title='bbox 882 972 958 1023; x_wconf 88' lang='lat' dir='ltr'><strong>iussn</strong></span> <span class='ocrx_word' id='word_1_54' title='bbox 976 970 1142 1024; x_wconf 75' lang='lat' dir='ltr'><strong>Constantini</strong></span> <span class='ocrx_word' id='word_1_55' title='bbox 1161 970 1274 1037; x_wconf 75' lang='lat' dir='ltr'><strong>Augusti</strong></span> <span class='ocrx_word' id='word_1_56' title='bbox 1292 984 1399 1021; x_wconf 77' lang='lat' dir='ltr'><strong>comar-</strong></span> <span class='ocrx_word' id='word_1_57' title='bbox 1456 1047 1458 1049; x_wconf 66' lang='lat'>‚</span> 
     </span>
     <span class='ocr_line' id='line_1_7' title="bbox 237 1055 1400 1126; baseline -0.004 -13"><span class='ocrx_word' id='word_1_58' title='bbox 237 1061 348 1124; x_wconf 79' lang='lat' dir='ltr'><strong>sinerii,</strong></span> <span class='ocrx_word' id='word_1_59' title='bbox 371 1060 506 1111; x_wconf 80' lang='lat' dir='ltr'><strong>Trebellius</strong></span> <span class='ocrx_word' id='word_1_60' title='bbox 525 1059 619 1123; x_wconf 87' lang='lat' dir='ltr'><strong>Pollio,</strong></span> <span class='ocrx_word' id='word_1_61' title='bbox 642 1060 688 1126; x_wconf 92' lang='lat' dir='ltr'><strong>qui</strong></span> <span class='ocrx_word' id='word_1_62' title='bbox 700 1058 844 1122; x_wconf 89' lang='lat' dir='ltr'><strong>Valeriani,</strong></span> <span class='ocrx_word' id='word_1_63' title='bbox 864 1057 990 1120; x_wconf 86' lang='lat' dir='ltr'><strong>Gallieni,</strong></span> <span class='ocrx_word' id='word_1_64' title='bbox 1013 1057 1120 1124; x_wconf 88' lang='lat' dir='ltr'><strong>triginta</strong></span> <span class='ocrx_word' id='word_1_65' title='bbox 1138 1060 1319 1123; x_wconf 83' lang='lat' dir='ltr'><strong>tyrannorum,</strong></span> <span class='ocrx_word' id='word_1_66' title='bbox 1343 1055 1400 1108; x_wconf 82' lang='lat' dir='ltr'><strong>divi</strong></span> 
     </span>
     <span class='ocr_line' id='line_1_8' title="bbox 239 1144 1400 1216; baseline -0.003 -17"><span class='ocrx_word' id='word_1_67' title='bbox 239 1147 342 1200; x_wconf 91' lang='lat' dir='ltr'><strong>Claudii</strong></span> <span class='ocrx_word' id='word_1_68' title='bbox 360 1162 402 1199; x_wconf 85' lang='lat' dir='ltr'><strong>res</strong></span> <span class='ocrx_word' id='word_1_69' title='bbox 421 1149 510 1213; x_wconf 84' lang='lat' dir='ltr'><strong>gestas</strong></span> <span class='ocrx_word' id='word_1_70' title='bbox 528 1147 623 1216; x_wconf 81' lang='lat' dir='ltr'><strong>litteris</strong></span> <span class='ocrx_word' id='word_1_71' title='bbox 640 1144 768 1214; x_wconf 87' lang='lat' dir='ltr'><strong>prodidit,</strong></span> <span class='ocrx_word' id='word_1_72' title='bbox 792 1144 903 1212; x_wconf 89' lang='lat' dir='ltr'><strong>denique</strong></span> <span class='ocrx_word' id='word_1_73' title='bbox 922 1145 963 1195; x_wconf 81' lang='lat' dir='ltr'><strong>FL</strong></span> <span class='ocrx_word' id='word_1_74' title='bbox 980 1145 1111 1210; x_wconf 82' lang='lat' dir='ltr'><strong>Vopiscus,</strong></span> <span class='ocrx_word' id='word_1_75' title='bbox 1131 1144 1225 1196; x_wconf 88' lang='lat' dir='ltr'><strong>ceteris</strong></span> <span class='ocrx_word' id='word_1_76' title='bbox 1244 1144 1400 1207; x_wconf 80' lang='lat' dir='ltr'><strong>accuratior,</strong></span> 
     </span>
     <span class='ocr_line' id='line_1_9' title="bbox 238 1230 1401 1298; baseline -0.003 -12"><span class='ocrx_word' id='word_1_77' title='bbox 238 1235 313 1287; x_wconf 90' lang='lat' dir='ltr'><strong>cuins</strong></span> <span class='ocrx_word' id='word_1_78' title='bbox 331 1234 400 1285; x_wconf 83' lang='lat' dir='ltr'><strong>vitae</strong></span> <span class='ocrx_word' id='word_1_79' title='bbox 419 1236 480 1285; x_wconf 86' lang='lat' dir='ltr'><strong>eunt</strong></span> <span class='ocrx_word' id='word_1_80' title='bbox 497 1231 640 1296; x_wconf 81' lang='lat' dir='ltr'><strong>Aureliani,</strong></span> <span class='ocrx_word' id='word_1_81' title='bbox 659 1232 753 1296; x_wconf 82' lang='lat' dir='ltr'><strong>Taciti,</strong></span> <span class='ocrx_word' id='word_1_82' title='bbox 772 1232 860 1295; x_wconf 87' lang='lat' dir='ltr'><strong>Probi,</strong></span> <span class='ocrx_word' id='word_1_83' title='bbox 880 1231 949 1295; x_wconf 90' lang='lat' dir='ltr'><strong>Cari,</strong></span> <span class='ocrx_word' id='word_1_84' title='bbox 974 1233 1120 1285; x_wconf 84' lang='lat' dir='ltr'><strong>ceterorum</strong></span> <span class='ocrx_word' id='word_1_85' title='bbox 1138 1231 1195 1283; x_wconf 91' lang='lat' dir='ltr'><strong>eius</strong></span> <span class='ocrx_word' id='word_1_86' title='bbox 1213 1230 1343 1298; x_wconf 85' lang='lat' dir='ltr'><strong>temporis</strong></span> <span class='ocrx_word' id='word_1_87' title='bbox 1357 1232 1401 1298; x_wconf 84' lang='lat' dir='ltr'><strong>ty·</strong></span> 
     </span>
     <span class='ocr_line' id='line_1_10' title="bbox 195 1335 385 1384; baseline -0.016 -11"><span class='ocrx_word' id='word_1_88' title='bbox 195 1375 199 1384; x_wconf 77' lang='grc'>,</span> <span class='ocrx_word' id='word_1_89' title='bbox 237 1335 385 1373; x_wconf 82' lang='lat' dir='ltr'><strong>raucorum.</strong></span> 
     </span>
    </p>

    <p class='ocr_par' dir='ltr' id='par_1_5' title="bbox 191 1403 1403 1819">
     <span class='ocr_line' id='line_1_11' title="bbox 311 1403 1402 1472; baseline -0.003 -14"><span class='ocrx_word' id='word_1_90' title='bbox 311 1406 361 1458; x_wconf 90' lang='lat' dir='ltr'><strong>Hic</strong></span> <span class='ocrx_word' id='word_1_91' title='bbox 385 1406 540 1457; x_wconf 80' lang='lat' dir='ltr'><strong>Diocletiani</strong></span> <span class='ocrx_word' id='word_1_92' title='bbox 562 1406 679 1472; x_wconf 90' lang='lat' dir='ltr'><strong>tempora</strong></span> <span class='ocrx_word' id='word_1_93' title='bbox 705 1405 854 1472; x_wconf 88' lang='lat' dir='ltr'><strong>ingressos,</strong></span> <span class='ocrx_word' id='word_1_94' title='bbox 877 1404 986 1456; x_wconf 85' lang='lat' dir='ltr'><strong>Latinae</strong></span> <span class='ocrx_word' id='word_1_95' title='bbox 1012 1404 1114 1456; x_wconf 89' lang='lat' dir='ltr'><strong>litterae</strong></span> <span class='ocrx_word' id='word_1_96' title='bbox 1137 1419 1185 1456; x_wconf 88' lang='lat' dir='ltr'><strong>nos</strong></span> <span class='ocrx_word' id='word_1_97' title='bbox 1208 1403 1402 1470; x_wconf 87' lang='lat' dir='ltr'><strong>derelinquunt,</strong></span> 
     </span>
     <span class='ocr_line' id='line_1_12' title="bbox 241 1489 1402 1560; baseline -0.003 -14"><span class='ocrx_word' id='word_1_98' title='bbox 241 1509 289 1546; x_wconf 89' lang='lat' dir='ltr'><strong>nec</strong></span> <span class='ocrx_word' id='word_1_99' title='bbox 309 1494 452 1560; x_wconf 88' lang='lat' dir='ltr'><strong>suppetunt</strong></span> <span class='ocrx_word' id='word_1_100' title='bbox 465 1489 559 1543; x_wconf 85' lang='lat' dir='ltr'><strong>Graeci</strong></span> <span class='ocrx_word' id='word_1_101' title='bbox 578 1491 727 1557; x_wconf 69' lang='lat' dir='ltr'><strong>scriptores,</strong></span> <span class='ocrx_word' id='word_1_102' title='bbox 758 1489 885 1557; x_wconf 82' lang='lat' dir='ltr'><strong>Superest</strong></span> <span class='ocrx_word' id='word_1_103' title='bbox 903 1490 1006 1558; x_wconf 90' lang='lat' dir='ltr'><strong>quidem</strong></span> <span class='ocrx_word' id='word_1_104' title='bbox 1025 1492 1147 1555; x_wconf 75' lang='lat' dir='ltr'><strong>Zosimus,</strong></span> <span class='ocrx_word' id='word_1_105' title='bbox 1166 1491 1287 1558; x_wconf 88' lang='lat' dir='ltr'><strong>quicum</strong></span> <span class='ocrx_word' id='word_1_106' title='bbox 1305 1505 1402 1542; x_wconf 88' lang='lat' dir='ltr'><strong>causas</strong></span> 
     </span>
     <span class='ocr_line' id='line_1_13' title="bbox 241 1576 1402 1645; baseline -0.003 -12"><span class='ocrx_word' id='word_1_107' title='bbox 241 1580 354 1633; x_wconf 88' lang='lat' dir='ltr'><strong>labentis</strong></span> <span class='ocrx_word' id='word_1_108' title='bbox 375 1581 402 1630; x_wconf 89' lang='lat' dir='ltr'><strong>et</strong></span> <span class='ocrx_word' id='word_1_109' title='bbox 418 1577 552 1645; x_wconf 88' lang='lat' dir='ltr'><strong>pereuntis</strong></span> <span class='ocrx_word' id='word_1_110' title='bbox 570 1577 674 1644; x_wconf 90' lang='lat' dir='ltr'><strong>imperii</strong></span> <span class='ocrx_word' id='word_1_111' title='bbox 691 1576 803 1628; x_wconf 86' lang='lat' dir='ltr'><strong>Romani</strong></span> <span class='ocrx_word' id='word_1_112' title='bbox 822 1576 953 1644; x_wconf 89' lang='lat' dir='ltr'><strong>explicare</strong></span> <span class='ocrx_word' id='word_1_113' title='bbox 977 1579 1003 1628; x_wconf 91' lang='lat' dir='ltr'><strong>et</strong></span> <span class='ocrx_word' id='word_1_114' title='bbox 1021 1594 1036 1628; x_wconf 89' lang='lat' dir='ltr'><strong>a</strong></span> <span class='ocrx_word' id='word_1_115' title='bbox 1055 1577 1196 1630; x_wconf 87' lang='lat' dir='ltr'><strong>Theodosii</strong></span> <span class='ocrx_word' id='word_1_116' title='bbox 1214 1580 1297 1628; x_wconf 89' lang='lat' dir='ltr'><strong>morte</strong></span> <span class='ocrx_word' id='word_1_117' title='bbox 1315 1576 1402 1629; x_wconf 87' lang='lat' dir='ltr'><strong>iustae</strong></span> 
     </span>
     <span class='ocr_line' id='line_1_14' title="bbox 191 1662 1402 1732; baseline -0.004 -12"><span class='ocrx_word' id='word_1_118' title='bbox 191 1720 194 1725; x_wconf 72' lang='grc'><strong><em>,</em></strong></span> <span class='ocrx_word' id='word_1_119' title='bbox 238 1667 363 1720; x_wconf 88' lang='lat' dir='ltr'><strong>historiae</strong></span> <span class='ocrx_word' id='word_1_120' title='bbox 386 1664 490 1716; x_wconf 92' lang='lat' dir='ltr'><strong>initium</strong></span> <span class='ocrx_word' id='word_1_121' title='bbox 512 1662 598 1716; x_wconf 85' lang='lat' dir='ltr'><strong>facere</strong></span> <span class='ocrx_word' id='word_1_122' title='bbox 616 1664 761 1727; x_wconf 83' lang='lat' dir='ltr'><strong>voluisset,</strong></span> <span class='ocrx_word' id='word_1_123' title='bbox 787 1663 865 1714; x_wconf 90' lang='lat' dir='ltr'><strong>nimis</strong></span> <span class='ocrx_word' id='word_1_124' title='bbox 884 1662 935 1714; x_wconf 89' lang='lat' dir='ltr'><strong>alte</strong></span> <span class='ocrx_word' id='word_1_125' title='bbox 953 1679 1007 1715; x_wconf 89' lang='lat' dir='ltr'><strong>rem</strong></span> <span class='ocrx_word' id='word_1_126' title='bbox 1026 1666 1148 1732; x_wconf 89' lang='lat' dir='ltr'><strong>repetens</strong></span> <span class='ocrx_word' id='word_1_127' title='bbox 1165 1666 1247 1715; x_wconf 88' lang='lat' dir='ltr'><strong>totam</strong></span> <span class='ocrx_word' id='word_1_128' title='bbox 1264 1664 1402 1716; x_wconf 83' lang='lat' dir='ltr'><strong>historiam</strong></span> 
     </span>
     <span class='ocr_line' id='line_1_15' title="bbox 225 1749 1403 1819; baseline -0.003 -13"><span class='ocrx_word' id='word_1_129' title='bbox 225 1754 385 1811; x_wconf 81' lang='lat' dir='ltr'><strong>&#39;Romanam</strong></span> <span class='ocrx_word' id='word_1_130' title='bbox 397 1751 534 1814; x_wconf 82' lang='lat' dir='ltr'><strong>enarravit,</strong></span> <span class='ocrx_word' id='word_1_131' title='bbox 548 1751 586 1802; x_wconf 88' lang='lat' dir='ltr'><strong>ita</strong></span> <span class='ocrx_word' id='word_1_132' title='bbox 598 1754 626 1804; x_wconf 89' lang='lat' dir='ltr'><strong>ut</strong></span> <span class='ocrx_word' id='word_1_133' title='bbox 640 1766 690 1819; x_wconf 87' lang='lat' dir='ltr'><strong>quo</strong></span> <span class='ocrx_word' id='word_1_134' title='bbox 703 1751 810 1819; x_wconf 87' lang='lat' dir='ltr'><strong>propius</strong></span> <span class='ocrx_word' id='word_1_135' title='bbox 824 1749 856 1800; x_wconf 88' lang='lat' dir='ltr'><strong>ad</strong></span> <span class='ocrx_word' id='word_1_136' title='bbox 869 1765 942 1802; x_wconf 89' lang='lat' dir='ltr'><strong>suam</strong></span> <span class='ocrx_word' id='word_1_137' title='bbox 955 1754 1067 1802; x_wconf 72' lang='lat' dir='ltr'><strong>aemtem</strong></span> <span class='ocrx_word' id='word_1_138' title='bbox 1080 1752 1180 1803; x_wconf 71' lang='lat' dir='ltr'><strong>renuet</strong></span> <span class='ocrx_word' id='word_1_139' title='bbox 1192 1749 1221 1813; x_wconf 87' lang='lat' dir='ltr'><strong>(i.</strong></span> <span class='ocrx_word' id='word_1_140' title='bbox 1232 1766 1254 1803; x_wconf 93' lang='lat' dir='ltr'><strong>e.</strong></span> <span class='ocrx_word' id='word_1_141' title='bbox 1267 1751 1403 1804; x_wconf 89' lang='lat' dir='ltr'><strong>saeculum</strong></span> 
     </span>
    </p>

    <p class='ocr_par' dir='ltr' id='par_1_6' title="bbox 240 1836 1467 3368">
     <span class='ocr_line' id='line_1_16' title="bbox 240 1836 1402 1908; baseline -0.003 -15"><span class='ocrx_word' id='word_1_142' title='bbox 240 1858 266 1908; x_wconf 91' lang='lat' dir='ltr'><strong>p.</strong></span> <span class='ocrx_word' id='word_1_143' title='bbox 277 1838 337 1893; x_wconf 88' lang='lat' dir='ltr'><strong>Chr.</strong></span> <span class='ocrx_word' id='word_1_144' title='bbox 347 1841 401 1892; x_wconf 89' lang='lat' dir='ltr'><strong>nat.</strong></span> <span class='ocrx_word' id='word_1_145' title='bbox 413 1836 548 1906; x_wconf 89' lang='lat' dir='ltr'><strong>quintum)</strong></span> <span class='ocrx_word' id='word_1_146' title='bbox 563 1853 594 1890; x_wconf 92' lang='lat' dir='ltr'><strong>eo</strong></span> <span class='ocrx_word' id='word_1_147' title='bbox 607 1839 739 1905; x_wconf 86' lang='lat' dir='ltr'><strong>copiosior</strong></span> <span class='ocrx_word' id='word_1_148' title='bbox 750 1836 832 1888; x_wconf 88' lang='lat' dir='ltr'><strong>fieret.</strong></span> <span class='ocrx_word' id='word_1_149' title='bbox 863 1836 955 1904; x_wconf 89' lang='lat' dir='ltr'><strong>ltaque</strong></span> <span class='ocrx_word' id='word_1_150' title='bbox 964 1840 1044 1904; x_wconf 79' lang='lat' dir='ltr'><strong>primo</strong></span> <span class='ocrx_word' id='word_1_151' title='bbox 1057 1838 1123 1890; x_wconf 93' lang='lat' dir='ltr'><strong>libro</strong></span> <span class='ocrx_word' id='word_1_152' title='bbox 1136 1840 1251 1890; x_wconf 90' lang='lat' dir='ltr'><strong>omnium</strong></span> <span class='ocrx_word' id='word_1_153' title='bbox 1262 1838 1402 1906; x_wconf 89' lang='lat' dir='ltr'><strong>imperato-</strong></span> 
     </span>
     <span class='ocr_line' id='line_1_17' title="bbox 241 1923 1402 1993; baseline 0 -15"><span class='ocrx_word' id='word_1_154' title='bbox 241 1941 299 1978; x_wconf 88' lang='lat' dir='ltr'><strong>rum</strong></span> <span class='ocrx_word' id='word_1_155' title='bbox 317 1940 401 1992; x_wconf 88' lang='lat' dir='ltr'><strong>usque</strong></span> <span class='ocrx_word' id='word_1_156' title='bbox 421 1924 455 1976; x_wconf 91' lang='lat' dir='ltr'><strong>ad</strong></span> <span class='ocrx_word' id='word_1_157' title='bbox 467 1923 659 1976; x_wconf 88' lang='lat' dir='ltr'><strong>Diocletianum</strong></span> <span class='ocrx_word' id='word_1_158' title='bbox 677 1925 745 1975; x_wconf 83' lang='lat' dir='ltr'><strong>uitas</strong></span> <span class='ocrx_word' id='word_1_159' title='bbox 758 1937 895 1991; x_wconf 90' lang='lat' dir='ltr'><strong>moresque</strong></span> <span class='ocrx_word' id='word_1_160' title='bbox 912 1923 1026 1976; x_wconf 86' lang='lat' dir='ltr'><strong>breviter</strong></span> <span class='ocrx_word' id='word_1_161' title='bbox 1038 1923 1168 1993; x_wconf 78' lang='lat' dir='ltr'><strong>designat,</strong></span> <span class='ocrx_word' id='word_1_162' title='bbox 1186 1927 1263 1976; x_wconf 77' lang='lat' dir='ltr'><strong>attero</strong></span> <span class='ocrx_word' id='word_1_163' title='bbox 1275 1927 1402 1992; x_wconf 86' lang='lat' dir='ltr'><strong>temporis</strong></span> 
     </span>
     <span class='ocr_line' id='line_1_18' title="bbox 242 2007 1403 2079; baseline 0.001 -16"><span class='ocrx_word' id='word_1_164' title='bbox 242 2011 323 2064; x_wconf 89' lang='lat' dir='ltr'><strong>multo</strong></span> <span class='ocrx_word' id='word_1_165' title='bbox 343 2011 429 2062; x_wconf 89' lang='lat' dir='ltr'><strong>minus</strong></span> <span class='ocrx_word' id='word_1_166' title='bbox 449 2011 576 2076; x_wconf 87' lang='lat' dir='ltr'><strong>spatium,</strong></span> <span class='ocrx_word' id='word_1_167' title='bbox 601 2009 792 2070; x_wconf 69' lang='lat' dir='ltr'><strong>asianorum,</strong></span> <span class='ocrx_word' id='word_1_168' title='bbox 817 2007 1014 2061; x_wconf 88' lang='lat' dir='ltr'><strong>aDiocletiano</strong></span> <span class='ocrx_word' id='word_1_169' title='bbox 1037 2026 1120 2079; x_wconf 89' lang='lat' dir='ltr'><strong>usque</strong></span> <span class='ocrx_word' id='word_1_170' title='bbox 1139 2011 1172 2063; x_wconf 89' lang='lat' dir='ltr'><strong>ad</strong></span> <span class='ocrx_word' id='word_1_171' title='bbox 1189 2011 1317 2064; x_wconf 91' lang='lat' dir='ltr'><strong>Iulianum</strong></span> <span class='ocrx_word' id='word_1_172' title='bbox 1337 2010 1403 2064; x_wconf 89' lang='lat' dir='ltr'><strong>Cae·</strong></span> 
     </span>
     <span class='ocr_line' id='line_1_19' title="bbox 242 2094 1403 2166; baseline 0 -16"><span class='ocrx_word' id='word_1_173' title='bbox 242 2112 327 2150; x_wconf 87' lang='lat' dir='ltr'><strong>sarem</strong></span> <span class='ocrx_word' id='word_1_174' title='bbox 346 2096 505 2148; x_wconf 90' lang='lat' dir='ltr'><strong>declaratum</strong></span> <span class='ocrx_word' id='word_1_175' title='bbox 524 2111 547 2146; x_wconf 88' lang='lat' dir='ltr'><strong>a.</strong></span> <span class='ocrx_word' id='word_1_176' title='bbox 566 2094 619 2148; x_wconf 81' lang='lat'><strong>355</strong></span> <span class='ocrx_word' id='word_1_177' title='bbox 638 2096 776 2158; x_wconf 87' lang='lat' dir='ltr'><strong>describit,</strong></span> <span class='ocrx_word' id='word_1_178' title='bbox 796 2096 867 2145; x_wconf 82' lang='lat' dir='ltr'><strong>terrio</strong></span> <span class='ocrx_word' id='word_1_179' title='bbox 886 2094 980 2146; x_wconf 89' lang='lat' dir='ltr'><strong>Iuliani</strong></span> <span class='ocrx_word' id='word_1_180' title='bbox 998 2100 1025 2149; x_wconf 91' lang='lat' dir='ltr'><strong>et</strong></span> <span class='ocrx_word' id='word_1_181' title='bbox 1042 2097 1142 2150; x_wconf 85' lang='lat' dir='ltr'><strong>Ioviani</strong></span> <span class='ocrx_word' id='word_1_182' title='bbox 1159 2101 1289 2166; x_wconf 87' lang='lat' dir='ltr'><strong>tempora,</strong></span> <span class='ocrx_word' id='word_1_183' title='bbox 1313 2109 1403 2163; x_wconf 82' lang='lat' dir='ltr'><strong>quarta</strong></span> 
     </span>
     <span class='ocr_line' id='line_1_20' title="bbox 242 2180 1404 2251; baseline 0.002 -17"><span class='ocrx_word' id='word_1_184' title='bbox 242 2182 347 2235; x_wconf 88' lang='lat' dir='ltr'><strong>tandem</strong></span> <span class='ocrx_word' id='word_1_185' title='bbox 367 2182 399 2233; x_wconf 90' lang='lat' dir='ltr'><strong>ad</strong></span> <span class='ocrx_word' id='word_1_186' title='bbox 419 2181 562 2233; x_wconf 83' lang='lat' dir='ltr'><strong>Theodosii</strong></span> <span class='ocrx_word' id='word_1_187' title='bbox 579 2184 690 2233; x_wconf 88' lang='lat' dir='ltr'><strong>mortem</strong></span> <span class='ocrx_word' id='word_1_188' title='bbox 709 2183 735 2231; x_wconf 89' lang='lat' dir='ltr'><strong>et</strong></span> <span class='ocrx_word' id='word_1_189' title='bbox 753 2180 856 2231; x_wconf 91' lang='lat' dir='ltr'><strong>initium</strong></span> <span class='ocrx_word' id='word_1_190' title='bbox 874 2195 1012 2248; x_wconf 85' lang='lat' dir='ltr'><strong>puerorum</strong></span> <span class='ocrx_word' id='word_1_191' title='bbox 1029 2182 1136 2236; x_wconf 84' lang='lat' dir='ltr'><strong>Arcadii</strong></span> <span class='ocrx_word' id='word_1_192' title='bbox 1154 2187 1181 2237; x_wconf 91' lang='lat' dir='ltr'><strong>et</strong></span> <span class='ocrx_word' id='word_1_193' title='bbox 1198 2184 1308 2237; x_wconf 89' lang='lat' dir='ltr'><strong>Honorii</strong></span> <span class='ocrx_word' id='word_1_194' title='bbox 1326 2185 1404 2251; x_wconf 88' lang='lat' dir='ltr'><strong>quasi</strong></span> 
     </span>
     <span class='ocr_line' id='line_1_21' title="bbox 240 2265 1403 2336; baseline 0.003 -16"><span class='ocrx_word' id='word_1_195' title='bbox 240 2269 368 2336; x_wconf 90' lang='lat' dir='ltr'><strong>penetrat.</strong></span> <span class='ocrx_word' id='word_1_196' title='bbox 411 2266 464 2320; x_wconf 88' lang='lat' dir='ltr'><strong>Sed</strong></span> <span class='ocrx_word' id='word_1_197' title='bbox 486 2267 555 2319; x_wconf 85' lang='lat' dir='ltr'><strong>malo</strong></span> <span class='ocrx_word' id='word_1_198' title='bbox 580 2267 691 2335; x_wconf 91' lang='lat' dir='ltr'><strong>quodam</strong></span> <span class='ocrx_word' id='word_1_199' title='bbox 715 2281 778 2318; x_wconf 89' lang='lat' dir='ltr'><strong>casu</strong></span> <span class='ocrx_word' id='word_1_200' title='bbox 802 2265 870 2327; x_wconf 90' lang='lat' dir='ltr'><strong>(nisi</strong></span> <span class='ocrx_word' id='word_1_201' title='bbox 892 2267 958 2319; x_wconf 87' lang='lat' dir='ltr'><strong>forte</strong></span> <span class='ocrx_word' id='word_1_202' title='bbox 977 2269 1005 2320; x_wconf 88' lang='lat' dir='ltr'><strong>id</strong></span> <span class='ocrx_word' id='word_1_203' title='bbox 1024 2270 1143 2323; x_wconf 87' lang='lat' dir='ltr'><strong>consulto</strong></span> <span class='ocrx_word' id='word_1_204' title='bbox 1163 2287 1178 2323; x_wconf 87' lang='lat' dir='ltr'><strong>a</strong></span> <span class='ocrx_word' id='word_1_205' title='bbox 1195 2271 1308 2323; x_wconf 91' lang='lat' dir='ltr'><strong>librariis</strong></span> <span class='ocrx_word' id='word_1_206' title='bbox 1328 2270 1403 2323; x_wconf 94' lang='lat' dir='ltr'><strong>Chri·</strong></span> 
     </span>
     <span class='ocr_line' id='line_1_22' title="bbox 242 2352 1402 2426; baseline 0.003 -19"><span class='ocrx_word' id='word_1_207' title='bbox 242 2354 336 2407; x_wconf 91' lang='lat' dir='ltr'><strong>stianis</strong></span> <span class='ocrx_word' id='word_1_208' title='bbox 355 2353 454 2407; x_wconf 79' lang='lat' dir='ltr'><strong>facturn</strong></span> <span class='ocrx_word' id='word_1_209' title='bbox 473 2352 602 2416; x_wconf 87' lang='lat' dir='ltr'><strong>dicimus)</strong></span> <span class='ocrx_word' id='word_1_210' title='bbox 621 2354 659 2404; x_wconf 91' lang='lat' dir='ltr'><strong>ita</strong></span> <span class='ocrx_word' id='word_1_211' title='bbox 676 2353 785 2416; x_wconf 89' lang='lat' dir='ltr'><strong>accidit,</strong></span> <span class='ocrx_word' id='word_1_212' title='bbox 809 2352 916 2406; x_wconf 86' lang='lat' dir='ltr'><strong>utfinis</strong></span> <span class='ocrx_word' id='word_1_213' title='bbox 935 2354 995 2407; x_wconf 90' lang='lat' dir='ltr'><strong>libri</strong></span> <span class='ocrx_word' id='word_1_214' title='bbox 1012 2356 1025 2408; x_wconf 96' lang='lat' dir='ltr'>I</span> <span class='ocrx_word' id='word_1_215' title='bbox 1044 2360 1071 2408; x_wconf 90' lang='lat' dir='ltr'><strong>et</strong></span> <span class='ocrx_word' id='word_1_216' title='bbox 1088 2358 1191 2409; x_wconf 91' lang='lat' dir='ltr'><strong>initium</strong></span> <span class='ocrx_word' id='word_1_217' title='bbox 1207 2358 1269 2410; x_wconf 91' lang='lat' dir='ltr'><strong>libri</strong></span> <span class='ocrx_word' id='word_1_218' title='bbox 1286 2358 1325 2422; x_wconf 89' lang='lat' dir='ltr'><strong>II,</strong></span> <span class='ocrx_word' id='word_1_219' title='bbox 1350 2373 1402 2426; x_wconf 86' lang='lat' dir='ltr'><strong>quo</strong></span> 
     </span>
     <span class='ocr_line' id='line_1_23' title="bbox 242 2440 1404 2512; baseline 0.004 -20"><span class='ocrx_word' id='word_1_220' title='bbox 242 2441 301 2493; x_wconf 89' lang='lat' dir='ltr'><strong>loco</strong></span> <span class='ocrx_word' id='word_1_221' title='bbox 314 2440 473 2492; x_wconf 84' lang='lat' dir='ltr'><strong>Diocletiani</strong></span> <span class='ocrx_word' id='word_1_222' title='bbox 492 2441 630 2508; x_wconf 89' lang='lat' dir='ltr'><strong>imperium</strong></span> <span class='ocrx_word' id='word_1_223' title='bbox 649 2440 809 2507; x_wconf 88' lang='lat' dir='ltr'><strong>descriptum</strong></span> <span class='ocrx_word' id='word_1_224' title='bbox 827 2444 890 2504; x_wconf 88' lang='lat' dir='ltr'><strong>erat,</strong></span> <span class='ocrx_word' id='word_1_225' title='bbox 909 2442 1028 2508; x_wconf 86' lang='lat' dir='ltr'><strong>perierit;</strong></span> <span class='ocrx_word' id='word_1_226' title='bbox 1046 2443 1134 2510; x_wconf 86' lang='lat' dir='ltr'><strong>itaque</strong></span> <span class='ocrx_word' id='word_1_227' title='bbox 1146 2444 1174 2495; x_wconf 91' lang='lat' dir='ltr'><strong>in</strong></span> <span class='ocrx_word' id='word_1_228' title='bbox 1185 2444 1234 2496; x_wconf 91' lang='lat' dir='ltr'><strong>hac</strong></span> <span class='ocrx_word' id='word_1_229' title='bbox 1246 2445 1404 2512; x_wconf 86' lang='lat' dir='ltr'><strong>gravissima</strong></span> 
     </span>
     <span class='ocr_line' id='line_1_24' title="bbox 241 2527 1402 2595; baseline 0.003 -16"><span class='ocrx_word' id='word_1_230' title='bbox 241 2527 365 2580; x_wconf 86' lang='lat' dir='ltr'><strong>historiae</strong></span> <span class='ocrx_word' id='word_1_231' title='bbox 390 2529 463 2594; x_wconf 89' lang='lat' dir='ltr'><strong>parte</strong></span> <span class='ocrx_word' id='word_1_232' title='bbox 486 2542 594 2595; x_wconf 88' lang='lat' dir='ltr'><strong>prorsus</strong></span> <span class='ocrx_word' id='word_1_233' title='bbox 619 2527 651 2578; x_wconf 87' lang='lat' dir='ltr'><strong>ad</strong></span> <span class='ocrx_word' id='word_1_234' title='bbox 670 2527 790 2593; x_wconf 88' lang='lat' dir='ltr'><strong>Eutropii</strong></span> <span class='ocrx_word' id='word_1_235' title='bbox 813 2530 839 2578; x_wconf 88' lang='lat' dir='ltr'><strong>et</strong></span> <span class='ocrx_word' id='word_1_236' title='bbox 861 2528 997 2595; x_wconf 87' lang='lat' dir='ltr'><strong>utriusque</strong></span> <span class='ocrx_word' id='word_1_237' title='bbox 1011 2529 1126 2582; x_wconf 89' lang='lat' dir='ltr'><strong>Victoris</strong></span> <span class='ocrx_word' id='word_1_238' title='bbox 1149 2533 1176 2582; x_wconf 89' lang='lat' dir='ltr'><strong>et</strong></span> <span class='ocrx_word' id='word_1_239' title='bbox 1193 2531 1309 2583; x_wconf 90' lang='lat' dir='ltr'><strong>Zonarae</strong></span> <span class='ocrx_word' id='word_1_240' title='bbox 1332 2546 1402 2583; x_wconf 92' lang='lat' dir='ltr'><strong>com·</strong></span> 
     </span>
     <span class='ocr_line' id='line_1_25' title="bbox 242 2600 1403 2685; baseline 0.004 -20"><span class='ocrx_word' id='word_1_241' title='bbox 242 2613 340 2681; x_wconf 90' lang='lat' dir='ltr'><strong>pendia</strong></span> <span class='ocrx_word' id='word_1_242' title='bbox 359 2612 562 2681; x_wconf 82' lang='lat' dir='ltr'><strong>confugiendum</strong></span> <span class='ocrx_word' id='word_1_243' title='bbox 580 2616 628 2665; x_wconf 90' lang='lat' dir='ltr'><strong>est.</strong></span> <span class='ocrx_word' id='word_1_244' title='bbox 669 2613 727 2665; x_wconf 90' lang='lat' dir='ltr'><strong>Huc</strong></span> <span class='ocrx_word' id='word_1_245' title='bbox 746 2614 873 2680; x_wconf 86' lang='lat' dir='ltr'><strong>imprimis</strong></span> <span class='ocrx_word' id='word_1_246' title='bbox 892 2614 1072 2682; x_wconf 85' lang='lat' dir='ltr'><strong>adiungendus</strong></span> <span class='ocrx_word' id='word_1_247' title='bbox 1092 2620 1133 2669; x_wconf 89' lang='lat' dir='ltr'><strong>est</strong></span> <span class='ocrx_word' id='word_1_248' title='bbox 1150 2600 1281 2681; x_wconf 79' lang='lat' dir='ltr'><strong>Eusebius,</strong></span> <span class='ocrx_word' id='word_1_249' title='bbox 1300 2618 1403 2685; x_wconf 88' lang='lat' dir='ltr'><strong>episco-</strong></span> 
     </span>
     <span class='ocr_line' id='line_1_26' title="bbox 241 2698 1403 2770; baseline 0.005 -19"><span class='ocrx_word' id='word_1_250' title='bbox 241 2714 291 2768; x_wconf 91' lang='lat' dir='ltr'><strong>pus</strong></span> <span class='ocrx_word' id='word_1_251' title='bbox 311 2698 504 2762; x_wconf 82' lang='lat' dir='ltr'><strong>Caesariensis,</strong></span> <span class='ocrx_word' id='word_1_252' title='bbox 527 2699 649 2766; x_wconf 88' lang='lat' dir='ltr'><strong>princeps</strong></span> <span class='ocrx_word' id='word_1_253' title='bbox 673 2699 797 2751; x_wconf 88' lang='lat' dir='ltr'><strong>historiae</strong></span> <span class='ocrx_word' id='word_1_254' title='bbox 817 2700 1013 2753; x_wconf 90' lang='lat' dir='ltr'><strong>ecclesiasticae</strong></span> <span class='ocrx_word' id='word_1_255' title='bbox 1032 2700 1133 2770; x_wconf 90' lang='lat' dir='ltr'><strong>(usque</strong></span> <span class='ocrx_word' id='word_1_256' title='bbox 1152 2703 1185 2756; x_wconf 89' lang='lat' dir='ltr'><strong>ad</strong></span> <span class='ocrx_word' id='word_1_257' title='bbox 1204 2720 1226 2755; x_wconf 92' lang='lat' dir='ltr'><strong>a.</strong></span> <span class='ocrx_word' id='word_1_258' title='bbox 1246 2703 1325 2768; x_wconf 78' lang='lat'><strong>324),</strong></span> <span class='ocrx_word' id='word_1_259' title='bbox 1348 2719 1403 2757; x_wconf 86' lang='lat' dir='ltr'><strong>nen</strong></span> 
     </span>
     <span class='ocr_line' id='line_1_27' title="bbox 242 2784 1403 2857; baseline 0.006 -21"><span class='ocrx_word' id='word_1_260' title='bbox 242 2799 293 2853; x_wconf 92' lang='lat' dir='ltr'><strong>quo</strong></span> <span class='ocrx_word' id='word_1_261' title='bbox 314 2786 370 2837; x_wconf 91' lang='lat' dir='ltr'><strong>eius</strong></span> <span class='ocrx_word' id='word_1_262' title='bbox 389 2784 454 2837; x_wconf 87' lang='lat' dir='ltr'><strong>fides</strong></span> <span class='ocrx_word' id='word_1_263' title='bbox 473 2785 499 2836; x_wconf 91' lang='lat' dir='ltr'><strong>in</strong></span> <span class='ocrx_word' id='word_1_264' title='bbox 519 2784 698 2838; x_wconf 90' lang='lat' dir='ltr'><strong>describendis</strong></span> <span class='ocrx_word' id='word_1_265' title='bbox 716 2786 901 2853; x_wconf 89' lang='lat' dir='ltr'><strong>imperatorum</strong></span> <span class='ocrx_word' id='word_1_266' title='bbox 919 2787 1034 2840; x_wconf 86' lang='lat' dir='ltr'><strong>maribus</strong></span> <span class='ocrx_word' id='word_1_267' title='bbox 1054 2804 1212 2857; x_wconf 89' lang='lat' dir='ltr'><strong>magnopere</strong></span> <span class='ocrx_word' id='word_1_268' title='bbox 1226 2785 1403 2843; x_wconf 86' lang='lat' dir='ltr'><strong>commendari</strong></span> 
     </span>
     <span class='ocr_line' id='line_1_28' title="bbox 241 2871 1404 2941; baseline 0.004 -18"><span class='ocrx_word' id='word_1_269' title='bbox 241 2872 341 2939; x_wconf 79' lang='lat' dir='ltr'><strong>possit,</strong></span> <span class='ocrx_word' id='word_1_270' title='bbox 363 2871 410 2923; x_wconf 87' lang='lat' dir='ltr'><strong>sed</strong></span> <span class='ocrx_word' id='word_1_271' title='bbox 433 2872 502 2938; x_wconf 93' lang='lat' dir='ltr'><strong>quod</strong></span> <span class='ocrx_word' id='word_1_272' title='bbox 524 2872 608 2940; x_wconf 88' lang='lat' dir='ltr'><strong>ipsius</strong></span> <span class='ocrx_word' id='word_1_273' title='bbox 632 2872 767 2941; x_wconf 83' lang='lat' dir='ltr'><strong>religionis</strong></span> <span class='ocrx_word' id='word_1_274' title='bbox 788 2872 951 2925; x_wconf 76' lang='lat' dir='ltr'><strong>Christianae</strong></span> <span class='ocrx_word' id='word_1_275' title='bbox 976 2874 1091 2927; x_wconf 89' lang='lat' dir='ltr'><strong>secunda</strong></span> <span class='ocrx_word' id='word_1_276' title='bbox 1115 2878 1141 2928; x_wconf 93' lang='lat' dir='ltr'><strong>et</strong></span> <span class='ocrx_word' id='word_1_277' title='bbox 1165 2876 1275 2929; x_wconf 82' lang='lat' dir='ltr'><strong>adversa</strong></span> <span class='ocrx_word' id='word_1_278' title='bbox 1297 2876 1404 2929; x_wconf 87' lang='lat' dir='ltr'><strong>fortuna</strong></span> 
     </span>
     <span class='ocr_line' id='line_1_29' title="bbox 242 2952 1467 3031; baseline 0.006 -22"><span class='ocrx_word' id='word_1_279' title='bbox 242 2958 283 3009; x_wconf 85' lang='lat' dir='ltr'><strong>vel</strong></span> <span class='ocrx_word' id='word_1_280' title='bbox 302 2958 414 3011; x_wconf 90' lang='lat' dir='ltr'><strong>maxime</strong></span> <span class='ocrx_word' id='word_1_281' title='bbox 447 2959 478 3010; x_wconf 91' lang='lat' dir='ltr'><strong>ad</strong></span> <span class='ocrx_word' id='word_1_282' title='bbox 498 2960 674 3027; x_wconf 88' lang='lat' dir='ltr'><strong>cognitionem</strong></span> <span class='ocrx_word' id='word_1_283' title='bbox 696 2960 787 3013; x_wconf 90' lang='lat' dir='ltr'><strong>horum</strong></span> <span class='ocrx_word' id='word_1_284' title='bbox 810 2964 956 3028; x_wconf 90' lang='lat' dir='ltr'><strong>temporum</strong></span> <span class='ocrx_word' id='word_1_285' title='bbox 978 2962 1099 3028; x_wconf 86' lang='lat' dir='ltr'><strong>pertinet.</strong></span> <span class='ocrx_word' id='word_1_286' title='bbox 1139 2952 1259 3016; x_wconf 78' lang='lat' dir='ltr'><strong>Paucula‘</strong></span> <span class='ocrx_word' id='word_1_287' title='bbox 1277 2964 1403 3031; x_wconf 85' lang='lat' dir='ltr'><strong>quaedum</strong></span> <span class='ocrx_word' id='word_1_288' title='bbox 1464 2989 1467 2993; x_wconf 29' lang='lat' dir='ltr'>v</span> 
     </span>
     <span class='ocr_line' id='line_1_30' title="bbox 242 3044 1401 3118; baseline 0.006 -22"><span class='ocrx_word' id='word_1_289' title='bbox 242 3044 275 3095; x_wconf 90' lang='lat' dir='ltr'><strong>ad</strong></span> <span class='ocrx_word' id='word_1_290' title='bbox 293 3045 478 3097; x_wconf 80' lang='lat' dir='ltr'><strong>Maximianum</strong></span> <span class='ocrx_word' id='word_1_291' title='bbox 496 3046 648 3098; x_wconf 89' lang='lat' dir='ltr'><strong>Herculium</strong></span> <span class='ocrx_word' id='word_1_292' title='bbox 667 3050 694 3098; x_wconf 91' lang='lat' dir='ltr'><strong>et</strong></span> <span class='ocrx_word' id='word_1_293' title='bbox 715 3047 890 3112; x_wconf 82' lang='lat' dir='ltr'><strong>Constantiam,</strong></span> <span class='ocrx_word' id='word_1_294' title='bbox 914 3047 1029 3115; x_wconf 88' lang='lat' dir='ltr'><strong>collegas</strong></span> <span class='ocrx_word' id='word_1_295' title='bbox 1049 3047 1215 3114; x_wconf 86' lang='lat' dir='ltr'><strong>Diocletiani,</strong></span> <span class='ocrx_word' id='word_1_296' title='bbox 1237 3051 1401 3118; x_wconf 90' lang='lat' dir='ltr'><strong>pertinentia,</strong></span> 
     </span>
     <span class='ocr_line' id='line_1_31' title="bbox 242 3131 1402 3204; baseline 0.009 -23"><span class='ocrx_word' id='word_1_297' title='bbox 242 3145 275 3181; x_wconf 91' lang='lat' dir='ltr'><strong>ex</strong></span> <span class='ocrx_word' id='word_1_298' title='bbox 296 3131 396 3183; x_wconf 82' lang='lat' dir='ltr'><strong>Claudii</strong></span> <span class='ocrx_word' id='word_1_299' title='bbox 413 3133 557 3184; x_wconf 78' lang='lat' dir='ltr'><strong>Mamertini</strong></span> <span class='ocrx_word' id='word_1_300' title='bbox 575 3133 736 3198; x_wconf 85' lang='lat' dir='ltr'><strong>etEnrncnii,</strong></span> <span class='ocrx_word' id='word_1_301' title='bbox 756 3133 917 3186; x_wconf 81' lang='lat' dir='ltr'><strong>Gallicorum</strong></span> <span class='ocrx_word' id='word_1_302' title='bbox 935 3134 1075 3198; x_wconf 78' lang='lat' dir='ltr'><strong>rhetorum,</strong></span> <span class='ocrx_word' id='word_1_303' title='bbox 1093 3137 1261 3204; x_wconf 78' lang='lat' dir='ltr'><strong>panegyricis</strong></span> <span class='ocrx_word' id='word_1_304' title='bbox 1273 3138 1402 3202; x_wconf 85' lang='lat' dir='ltr'><strong>hauseris,</strong></span> 
     </span>
     <span class='ocr_line' id='line_1_32' title="bbox 243 3215 1402 3291; baseline 0.009 -24"><span class='ocrx_word' id='word_1_305' title='bbox 243 3216 288 3283; x_wconf 86' lang='lat' dir='ltr'><strong>qui</strong></span> <span class='ocrx_word' id='word_1_306' title='bbox 304 3215 427 3284; x_wconf 87' lang='lat' dir='ltr'><strong>leguntur</strong></span> <span class='ocrx_word' id='word_1_307' title='bbox 444 3218 471 3267; x_wconf 87' lang='lat' dir='ltr'><strong>in</strong></span> <span class='ocrx_word' id='word_1_308' title='bbox 491 3218 614 3285; x_wconf 82' lang='lat' dir='ltr'><strong>congerie</strong></span> <span class='ocrx_word' id='word_1_309' title='bbox 632 3229 736 3269; x_wconf 81' lang='lat' dir='ltr'><strong>ueterum</strong></span> <span class='ocrx_word' id='word_1_310' title='bbox 752 3222 963 3287; x_wconf 71' lang='lat' dir='ltr'><strong>panegyricoram.</strong></span> <span class='ocrx_word' id='word_1_311' title='bbox 1001 3220 1119 3288; x_wconf 80' lang='lat' dir='ltr'><strong>(Optima</strong></span> <span class='ocrx_word' id='word_1_312' title='bbox 1137 3222 1217 3276; x_wconf 82' lang='lat' dir='ltr'><strong>editio</strong></span> <span class='ocrx_word' id='word_1_313' title='bbox 1230 3223 1332 3291; x_wconf 62' lang='lat' dir='ltr'><strong>Wolfg„</strong></span> <span class='ocrx_word' id='word_1_314' title='bbox 1344 3224 1402 3277; x_wconf 82' lang='lat' dir='ltr'><strong>Iae-</strong></span> 
     </span>
     <span class='ocr_line' id='line_1_33' title="bbox 243 3301 648 3368; baseline 0.007 -17"><span class='ocrx_word' id='word_1_315' title='bbox 243 3301 307 3368; x_wconf 88' lang='lat' dir='ltr'><strong>geri,</strong></span> <span class='ocrx_word' id='word_1_316' title='bbox 325 3301 442 3354; x_wconf 90' lang='lat' dir='ltr'><strong>Norimb.</strong></span> <span class='ocrx_word' id='word_1_317' title='bbox 464 3302 540 3366; x_wconf 81' lang='lat'><strong>1779,</strong></span> <span class='ocrx_word' id='word_1_318' title='bbox 559 3302 592 3354; x_wconf 90' lang='grc' dir='ltr'><strong>ΙΙ.</strong></span> <span class='ocrx_word' id='word_1_319' title='bbox 613 3301 648 3364; x_wconf 85' lang='grc'><strong>8.)</strong></span> 
     </span>
    </p>

    <p class='ocr_par' dir='ltr' id='par_1_7' title="bbox 243 3387 1431 3978">
     <span class='ocr_line' id='line_1_34' title="bbox 317 3387 1402 3463; baseline 0.01 -23"><span class='ocrx_word' id='word_1_320' title='bbox 317 3387 414 3440; x_wconf 89' lang='lat' dir='ltr'><strong>Verum</strong></span> <span class='ocrx_word' id='word_1_321' title='bbox 432 3388 476 3440; x_wconf 94' lang='lat' dir='ltr'><strong>ubi</strong></span> <span class='ocrx_word' id='word_1_322' title='bbox 495 3387 528 3439; x_wconf 92' lang='lat' dir='ltr'><strong>ad</strong></span> <span class='ocrx_word' id='word_1_323' title='bbox 549 3388 731 3450; x_wconf 80' lang='lat' dir='ltr'><strong>Constantinam</strong></span> <span class='ocrx_word' id='word_1_324' title='bbox 750 3394 777 3441; x_wconf 90' lang='lat' dir='ltr'><strong>et</strong></span> <span class='ocrx_word' id='word_1_325' title='bbox 795 3394 935 3459; x_wconf 87' lang='lat' dir='ltr'><strong>sequentes</strong></span> <span class='ocrx_word' id='word_1_326' title='bbox 954 3394 1124 3461; x_wconf 88' lang='lat' dir='ltr'><strong>imperatores</strong></span> <span class='ocrx_word' id='word_1_327' title='bbox 1144 3399 1255 3463; x_wconf 87' lang='lat' dir='ltr'><strong>veneris,</strong></span> <span class='ocrx_word' id='word_1_328' title='bbox 1279 3413 1331 3451; x_wconf 90' lang='lat' dir='ltr'><strong>non</strong></span> <span class='ocrx_word' id='word_1_329' title='bbox 1348 3400 1402 3451; x_wconf 88' lang='lat' dir='ltr'><strong>tarn</strong></span> 
     </span>
     <span class='ocr_line' id='line_1_35' title="bbox 243 3473 1431 3552; baseline 0.01 -28"><span class='ocrx_word' id='word_1_330' title='bbox 243 3473 353 3540; x_wconf 89' lang='lat' dir='ltr'><strong>penuria</strong></span> <span class='ocrx_word' id='word_1_331' title='bbox 376 3481 510 3526; x_wconf 91' lang='lat' dir='ltr'><strong>auctorum</strong></span> <span class='ocrx_word' id='word_1_332' title='bbox 534 3474 658 3540; x_wconf 90' lang='lat' dir='ltr'><strong>(quorum</strong></span> <span class='ocrx_word' id='word_1_333' title='bbox 677 3491 811 3528; x_wconf 91' lang='lat' dir='ltr'><strong>numerum</strong></span> <span class='ocrx_word' id='word_1_334' title='bbox 836 3482 915 3546; x_wconf 88' lang='lat' dir='ltr'><strong>auget</strong></span> <span class='ocrx_word' id='word_1_335' title='bbox 931 3480 1077 3547; x_wconf 77' lang='lat' dir='ltr'><strong>Eumenius,</strong></span> <span class='ocrx_word' id='word_1_336' title='bbox 1100 3485 1319 3552; x_wconf 82' lang='lat' dir='ltr'><strong>panegyricorum</strong></span> <span class='ocrx_word' id='word_1_337' title='bbox 1336 3485 1402 3552; x_wconf 91' lang='lat' dir='ltr'><strong>epti·</strong></span> <span class='ocrx_word' id='word_1_338' title='bbox 1427 3474 1431 3480; x_wconf 46' lang='lat'>⁵</span> 
     </span>
     <span class='ocr_line' id='line_1_36' title="bbox 243 3558 1402 3635; baseline 0.01 -25"><span class='ocrx_word' id='word_1_339' title='bbox 243 3558 327 3624; x_wconf 87' lang='lat' dir='ltr'><strong>mus),</strong></span> <span class='ocrx_word' id='word_1_340' title='bbox 352 3575 429 3628; x_wconf 88' lang='lat' dir='ltr'><strong>quam</strong></span> <span class='ocrx_word' id='word_1_341' title='bbox 448 3575 537 3612; x_wconf 91' lang='lat' dir='ltr'><strong>eorum</strong></span> <span class='ocrx_word' id='word_1_342' title='bbox 555 3560 677 3613; x_wconf 89' lang='lat' dir='ltr'><strong>dissensu</strong></span> <span class='ocrx_word' id='word_1_343' title='bbox 694 3577 822 3615; x_wconf 81' lang='lat' dir='ltr'><strong>moveare.</strong></span> <span class='ocrx_word' id='word_1_344' title='bbox 859 3564 926 3617; x_wconf 87' lang='lat' dir='ltr'><strong>Nam</strong></span> <span class='ocrx_word' id='word_1_345' title='bbox 943 3567 1071 3632; x_wconf 84' lang='lat' dir='ltr'><strong>Zosimus,</strong></span> <span class='ocrx_word' id='word_1_346' title='bbox 1089 3583 1173 3635; x_wconf 90' lang='lat' dir='ltr'><strong>-quem</strong></span> <span class='ocrx_word' id='word_1_347' title='bbox 1193 3572 1269 3624; x_wconf 92' lang='lat' dir='ltr'><strong>modo</strong></span> <span class='ocrx_word' id='word_1_348' title='bbox 1289 3571 1402 3623; x_wconf 82' lang='lat' dir='ltr'><strong>diximus</strong></span> 
     </span>
     <span class='ocr_line' id='line_1_37' title="bbox 243 3645 1401 3724; baseline 0.009 -27"><span class='ocrx_word' id='word_1_349' title='bbox 243 3645 307 3698; x_wconf 88' lang='lat' dir='ltr'><strong>haec</strong></span> <span class='ocrx_word' id='word_1_350' title='bbox 326 3650 442 3714; x_wconf 89' lang='lat' dir='ltr'><strong>tempora</strong></span> <span class='ocrx_word' id='word_1_351' title='bbox 460 3646 525 3698; x_wconf 90' lang='lat' dir='ltr'><strong>satis</strong></span> <span class='ocrx_word' id='word_1_352' title='bbox 544 3647 650 3715; x_wconf 90' lang='lat' dir='ltr'><strong>copiose</strong></span> <span class='ocrx_word' id='word_1_353' title='bbox 674 3648 864 3717; x_wconf 89' lang='lat' dir='ltr'><strong>descripsisse,</strong></span> <span class='ocrx_word' id='word_1_354' title='bbox 888 3653 1002 3720; x_wconf 85' lang='lat' dir='ltr'><strong>prudens</strong></span> <span class='ocrx_word' id='word_1_355' title='bbox 1027 3654 1131 3721; x_wconf 89' lang='lat' dir='ltr'><strong>quidem</strong></span> <span class='ocrx_word' id='word_1_356' title='bbox 1154 3657 1266 3724; x_wconf 89' lang='lat' dir='ltr'><strong>scriptor</strong></span> <span class='ocrx_word' id='word_1_357' title='bbox 1283 3657 1339 3708; x_wconf 89' lang='lat' dir='ltr'><strong>iure</strong></span> <span class='ocrx_word' id='word_1_358' title='bbox 1357 3657 1401 3710; x_wconf 88' lang='lat' dir='ltr'><strong>ha·</strong></span> 
     </span>
     <span class='ocr_line' id='line_1_38' title="bbox 244 3732 1401 3803; baseline 0.01 -18"><span class='ocrx_word' id='word_1_359' title='bbox 244 3732 329 3796; x_wconf 91' lang='lat' dir='ltr'><strong>betur,</strong></span> <span class='ocrx_word' id='word_1_360' title='bbox 349 3732 396 3784; x_wconf 87' lang='lat' dir='ltr'><strong>sed</strong></span> <span class='ocrx_word' id='word_1_361' title='bbox 414 3733 452 3784; x_wconf 95' lang='lat' dir='ltr'><strong>ita</strong></span> <span class='ocrx_word' id='word_1_362' title='bbox 470 3732 581 3785; x_wconf 90' lang='lat' dir='ltr'><strong>ethnicis</strong></span> <span class='ocrx_word' id='word_1_363' title='bbox 600 3733 771 3802; x_wconf 88' lang='lat' dir='ltr'><strong>religionibus</strong></span> <span class='ocrx_word' id='word_1_364' title='bbox 791 3736 894 3790; x_wconf 87' lang='lat' dir='ltr'><strong>deditus</strong></span> <span class='ocrx_word' id='word_1_365' title='bbox 914 3743 963 3803; x_wconf 87' lang='lat' dir='ltr'><strong>cst,</strong></span> <span class='ocrx_word' id='word_1_366' title='bbox 981 3742 1011 3791; x_wconf 90' lang='lat' dir='ltr'><strong>ut</strong></span> <span class='ocrx_word' id='word_1_367' title='bbox 1029 3741 1061 3793; x_wconf 90' lang='lat' dir='ltr'><strong>ob</strong></span> <span class='ocrx_word' id='word_1_368' title='bbox 1080 3742 1147 3795; x_wconf 88' lang='lat' dir='ltr'><strong>hanc</strong></span> <span class='ocrx_word' id='word_1_369' title='bbox 1166 3758 1271 3795; x_wconf 88' lang='lat' dir='ltr'><strong>causam</strong></span> <span class='ocrx_word' id='word_1_370' title='bbox 1291 3759 1343 3796; x_wconf 91' lang='lat' dir='ltr'><strong>non</strong></span> <span class='ocrx_word' id='word_1_371' title='bbox 1354 3743 1401 3797; x_wconf 87' lang='lat' dir='ltr'><strong>im-</strong></span> 
     </span>
     <span class='ocr_line' id='line_1_39' title="bbox 245 3818 1401 3897; baseline 0.009 -26"><span class='ocrx_word' id='word_1_372' title='bbox 245 3818 337 3871; x_wconf 90' lang='lat' dir='ltr'><strong>merito</strong></span> <span class='ocrx_word' id='word_1_373' title='bbox 356 3818 384 3870; x_wconf 90' lang='lat' dir='ltr'><strong>in</strong></span> <span class='ocrx_word' id='word_1_374' title='bbox 404 3819 581 3886; x_wconf 87' lang='lat' dir='ltr'><strong>suspicionem</strong></span> <span class='ocrx_word' id='word_1_375' title='bbox 600 3821 713 3885; x_wconf 82' lang='lat' dir='ltr'><strong>venerit,</strong></span> <span class='ocrx_word' id='word_1_376' title='bbox 737 3838 770 3873; x_wconf 90' lang='lat' dir='ltr'><strong>an</strong></span> <span class='ocrx_word' id='word_1_377' title='bbox 789 3823 820 3875; x_wconf 92' lang='lat' dir='ltr'><strong>de</strong></span> <span class='ocrx_word' id='word_1_378' title='bbox 840 3823 1013 3878; x_wconf 85' lang='lat' dir='ltr'><strong>Constantino</strong></span> <span class='ocrx_word' id='word_1_379' title='bbox 1032 3831 1059 3879; x_wconf 90' lang='lat' dir='ltr'><strong>et</strong></span> <span class='ocrx_word' id='word_1_380' title='bbox 1077 3828 1234 3894; x_wconf 83' lang='lat' dir='ltr'><strong>Theodosio,</strong></span> <span class='ocrx_word' id='word_1_381' title='bbox 1253 3829 1401 3897; x_wconf 87' lang='lat' dir='ltr'><strong>praecipuis</strong></span> 
     </span>
     <span class='ocr_line' id='line_1_40' title="bbox 244 3902 1401 3978; baseline 0.01 -21"><span class='ocrx_word' id='word_1_382' title='bbox 244 3902 407 3957; x_wconf 90' lang='lat' dir='ltr'><strong>Christianae</strong></span> <span class='ocrx_word' id='word_1_383' title='bbox 425 3904 486 3957; x_wconf 89' lang='lat' dir='ltr'><strong>fidei</strong></span> <span class='ocrx_word' id='word_1_384' title='bbox 504 3906 630 3973; x_wconf 86' lang='lat' dir='ltr'><strong>patronis,</strong></span> <span class='ocrx_word' id='word_1_385' title='bbox 655 3907 813 3974; x_wconf 80' lang='lat' dir='ltr'><strong>detraxerit,</strong></span> <span class='ocrx_word' id='word_1_386' title='bbox 831 3913 901 3962; x_wconf 87' lang='lat' dir='ltr'><strong>certe</strong></span> <span class='ocrx_word' id='word_1_387' title='bbox 919 3911 990 3978; x_wconf 88' lang='lat' dir='ltr'><strong>quod</strong></span> <span class='ocrx_word' id='word_1_388' title='bbox 1007 3913 1136 3967; x_wconf 88' lang='lat' dir='ltr'><strong>laudabile</strong></span> <span class='ocrx_word' id='word_1_389' title='bbox 1154 3916 1182 3967; x_wconf 93' lang='lat' dir='ltr'><strong>in</strong></span> <span class='ocrx_word' id='word_1_390' title='bbox 1200 3916 1233 3968; x_wconf 92' lang='lat' dir='ltr'><strong>iis</strong></span> <span class='ocrx_word' id='word_1_391' title='bbox 1252 3915 1338 3978; x_wconf 83' lang='lat' dir='ltr'><strong>fuerit,</strong></span> <span class='ocrx_word' id='word_1_392' title='bbox 1357 3916 1401 3968; x_wconf 92' lang='lat' dir='ltr'><strong>ob·</strong></span> 
     </span>
    </p>
   </div>
   <div class='ocr_carea' id='block_1_5' title="bbox 146 3990 1401 4063">
    <p class='ocr_par' dir='ltr' id='par_1_8' title="bbox 146 3990 1401 4063">
     <span class='ocr_line' id='line_1_41' title="bbox 146 3990 1401 4063; baseline 0.01 -21"><span class='ocrx_word' id='word_1_393' title='bbox 146 4048 149 4059; x_wconf 55' lang='grc'><em>,</em></span> <span class='ocrx_word' id='word_1_394' title='bbox 244 3992 395 4043; x_wconf 83' lang='lat' dir='ltr'><strong>sacraverit.</strong></span> <span class='ocrx_word' id='word_1_395' title='bbox 427 3990 509 4054; x_wconf 84' lang='lat' dir='ltr'><strong>Quam</strong></span> <span class='ocrx_word' id='word_1_396' title='bbox 527 3992 686 4047; x_wconf 78' lang='lat' dir='ltr'><strong>voluntatem</strong></span> <span class='ocrx_word' id='word_1_397' title='bbox 705 3996 749 4049; x_wconf 86' lang='lat' dir='ltr'><strong>hic</strong></span> <span class='ocrx_word' id='word_1_398' title='bbox 766 3997 843 4049; x_wconf 90' lang='lat' dir='ltr'><strong>nimis</strong></span> <span class='ocrx_word' id='word_1_399' title='bbox 862 3997 1061 4052; x_wconf 87' lang='lat' dir='ltr'><strong>aConstantino</strong></span> <span class='ocrx_word' id='word_1_400' title='bbox 1080 4017 1197 4055; x_wconf 83' lang='lat' dir='ltr'><strong>aversam</strong></span> <span class='ocrx_word' id='word_1_401' title='bbox 1216 4002 1249 4054; x_wconf 91' lang='lat' dir='ltr'><strong>ad</strong></span> <span class='ocrx_word' id='word_1_402' title='bbox 1266 4003 1401 4063; x_wconf 90' lang='lat' dir='ltr'><strong>historiam</strong></span> 
     </span>
    </p>
   </div>
   <div class='ocr_carea' id='block_1_6' title="bbox 243 4077 1402 4584">
    <p class='ocr_par' dir='ltr' id='par_1_9' title="bbox 243 4077 1402 4584">
     <span class='ocr_line' id='line_1_42' title="bbox 244 4077 1402 4158; baseline 0.009 -28"><span class='ocrx_word' id='word_1_403' title='bbox 244 4077 407 4130; x_wconf 89' lang='lat' dir='ltr'><strong>scribendam</strong></span> <span class='ocrx_word' id='word_1_404' title='bbox 431 4079 564 4144; x_wconf 89' lang='lat' dir='ltr'><strong>attulerat,</strong></span> <span class='ocrx_word' id='word_1_405' title='bbox 589 4081 698 4135; x_wconf 89' lang='lat' dir='ltr'><strong>eandem</strong></span> <span class='ocrx_word' id='word_1_406' title='bbox 721 4085 819 4151; x_wconf 85' lang='lat' dir='ltr'><strong>magia,</strong></span> <span class='ocrx_word' id='word_1_407' title='bbox 843 4099 920 4151; x_wconf 90' lang='lat' dir='ltr'><strong>quam</strong></span> <span class='ocrx_word' id='word_1_408' title='bbox 943 4101 990 4153; x_wconf 90' lang='lat' dir='ltr'><strong>par</strong></span> <span class='ocrx_word' id='word_1_409' title='bbox 1014 4091 1082 4153; x_wconf 91' lang='lat' dir='ltr'><strong>erat,</strong></span> <span class='ocrx_word' id='word_1_410' title='bbox 1105 4104 1260 4158; x_wconf 91' lang='lat' dir='ltr'><strong>propensam</strong></span> <span class='ocrx_word' id='word_1_411' title='bbox 1277 4091 1402 4141; x_wconf 77' lang='lat' dir='ltr'><strong>Eusebius</strong></span> 
     </span>
     <span class='ocr_line' id='line_1_43' title="bbox 243 4164 1400 4244; baseline 0.009 -27"><span class='ocrx_word' id='word_1_412' title='bbox 243 4164 346 4228; x_wconf 89' lang='lat' dir='ltr'><strong>habuit,</strong></span> <span class='ocrx_word' id='word_1_413' title='bbox 371 4165 416 4231; x_wconf 87' lang='lat' dir='ltr'><strong>qui</strong></span> <span class='ocrx_word' id='word_1_414' title='bbox 433 4169 535 4233; x_wconf 88' lang='lat' dir='ltr'><strong>praeter</strong></span> <span class='ocrx_word' id='word_1_415' title='bbox 553 4168 689 4221; x_wconf 88' lang='lat' dir='ltr'><strong>historiam</strong></span> <span class='ocrx_word' id='word_1_416' title='bbox 714 4170 921 4224; x_wconf 88' lang='lat' dir='ltr'><strong>ecclesiasticam</strong></span> <span class='ocrx_word' id='word_1_417' title='bbox 940 4173 1072 4241; x_wconf 87' lang='lat' dir='ltr'><strong>singulare</strong></span> <span class='ocrx_word' id='word_1_418' title='bbox 1092 4190 1157 4244; x_wconf 91' lang='lat' dir='ltr'><strong>opus</strong></span> <span class='ocrx_word' id='word_1_419' title='bbox 1175 4178 1205 4227; x_wconf 86' lang='lat' dir='ltr'><strong>de</strong></span> <span class='ocrx_word' id='word_1_420' title='bbox 1223 4178 1275 4227; x_wconf 85' lang='lat' dir='ltr'><strong>vira</strong></span> <span class='ocrx_word' id='word_1_421' title='bbox 1293 4177 1349 4228; x_wconf 83' lang='lat' dir='ltr'><strong>sive</strong></span> <span class='ocrx_word' id='word_1_422' title='bbox 1369 4177 1400 4229; x_wconf 93' lang='lat' dir='ltr'><strong>de</strong></span> 
     </span>
     <span class='ocr_line' id='line_1_44' title="bbox 243 4251 1401 4330; baseline 0.009 -27"><span class='ocrx_word' id='word_1_423' title='bbox 243 4251 364 4304; x_wconf 87' lang='lat' dir='ltr'><strong>laudibus</strong></span> <span class='ocrx_word' id='word_1_424' title='bbox 386 4252 538 4305; x_wconf 78' lang='lat' dir='ltr'><strong>Constantini</strong></span> <span class='ocrx_word' id='word_1_425' title='bbox 557 4256 722 4324; x_wconf 84' lang='lat' dir='ltr'><strong>conscripsit,</strong></span> <span class='ocrx_word' id='word_1_426' title='bbox 741 4272 824 4325; x_wconf 91' lang='lat' dir='ltr'><strong>neque</strong></span> <span class='ocrx_word' id='word_1_427' title='bbox 843 4258 890 4322; x_wconf 91' lang='lat' dir='ltr'><strong>illi,</strong></span> <span class='ocrx_word' id='word_1_428' title='bbox 913 4259 958 4327; x_wconf 85' lang='lat' dir='ltr'><strong>qui</strong></span> <span class='ocrx_word' id='word_1_429' title='bbox 976 4260 1032 4311; x_wconf 92' lang='lat' dir='ltr'><strong>eius</strong></span> <span class='ocrx_word' id='word_1_430' title='bbox 1050 4261 1186 4314; x_wconf 87' lang='lat' dir='ltr'><strong>historiam</strong></span> <span class='ocrx_word' id='word_1_431' title='bbox 1204 4276 1287 4330; x_wconf 89' lang='lat' dir='ltr'><strong>usque</strong></span> <span class='ocrx_word' id='word_1_432' title='bbox 1306 4262 1339 4314; x_wconf 91' lang='lat' dir='ltr'><strong>ad</strong></span> <span class='ocrx_word' id='word_1_433' title='bbox 1357 4278 1401 4314; x_wconf 90' lang='lat' dir='ltr'><strong>an·</strong></span> 
     </span>
     <span class='ocr_line' id='line_1_45' title="bbox 244 4337 1400 4417; baseline 0.011 -28"><span class='ocrx_word' id='word_1_434' title='bbox 244 4353 306 4390; x_wconf 88' lang='lat' dir='ltr'><strong>num</strong></span> <span class='ocrx_word' id='word_1_435' title='bbox 323 4337 375 4391; x_wconf 89' lang='grc'><strong>439</strong></span> <span class='ocrx_word' id='word_1_436' title='bbox 394 4338 566 4405; x_wconf 88' lang='lat' dir='ltr'><strong>deduxerunt,</strong></span> <span class='ocrx_word' id='word_1_437' title='bbox 584 4342 708 4407; x_wconf 72' lang='lat' dir='ltr'><strong>sonares,</strong></span> <span class='ocrx_word' id='word_1_438' title='bbox 726 4344 879 4408; x_wconf 70' lang='lat' dir='ltr'><strong>sozomenus,</strong></span> <span class='ocrx_word' id='word_1_439' title='bbox 902 4345 1073 4410; x_wconf 62' lang='lat' dir='ltr'><strong>Theodoreus,</strong></span> <span class='ocrx_word' id='word_1_440' title='bbox 1093 4349 1158 4401; x_wconf 88' lang='lat' dir='ltr'><strong>satis</strong></span> <span class='ocrx_word' id='word_1_441' title='bbox 1170 4349 1350 4417; x_wconf 90' lang='lat' dir='ltr'><strong>incorruptum</strong></span> <span class='ocrx_word' id='word_1_442' title='bbox 1362 4349 1400 4401; x_wconf 91' lang='lat' dir='ltr'><strong>iu·</strong></span> 
     </span>
     <span class='ocr_line' id='line_1_46' title="bbox 244 4423 1400 4502; baseline 0.01 -26"><span class='ocrx_word' id='word_1_443' title='bbox 244 4423 341 4477; x_wconf 89' lang='lat' dir='ltr'><strong>dicium</strong></span> <span class='ocrx_word' id='word_1_444' title='bbox 358 4425 386 4476; x_wconf 92' lang='lat' dir='ltr'><strong>in</strong></span> <span class='ocrx_word' id='word_1_445' title='bbox 404 4425 529 4478; x_wconf 88' lang='lat' dir='ltr'><strong>acerrime</strong></span> <span class='ocrx_word' id='word_1_446' title='bbox 547 4429 659 4495; x_wconf 90' lang='lat' dir='ltr'><strong>partium</strong></span> <span class='ocrx_word' id='word_1_447' title='bbox 679 4430 765 4483; x_wconf 90' lang='lat' dir='ltr'><strong>studio</strong></span> <span class='ocrx_word' id='word_1_448' title='bbox 784 4432 925 4499; x_wconf 90' lang='lat' dir='ltr'><strong>(imprimis</strong></span> <span class='ocrx_word' id='word_1_449' title='bbox 939 4431 970 4483; x_wconf 94' lang='lat' dir='ltr'><strong>de</strong></span> <span class='ocrx_word' id='word_1_450' title='bbox 983 4431 1100 4498; x_wconf 83' lang='lat' dir='ltr'><strong>iuliane)</strong></span> <span class='ocrx_word' id='word_1_451' title='bbox 1119 4434 1314 4502; x_wconf 88' lang='lat' dir='ltr'><strong>praestiterunt.</strong></span> <span class='ocrx_word' id='word_1_452' title='bbox 1343 4434 1400 4498; x_wconf 76' lang='lat' dir='ltr'><strong>Quo</strong></span> 
     </span>
     <span class='ocr_line' id='line_1_47' title="bbox 244 4511 1400 4584; baseline 0.01 -23"><span class='ocrx_word' id='word_1_453' title='bbox 244 4511 327 4578; x_wconf 87' lang='lat' dir='ltr'><strong>magis</strong></span> <span class='ocrx_word' id='word_1_454' title='bbox 351 4515 392 4564; x_wconf 89' lang='lat' dir='ltr'><strong>est</strong></span> <span class='ocrx_word' id='word_1_455' title='bbox 414 4513 591 4580; x_wconf 85' lang='lat' dir='ltr'><strong>gaudendum,</strong></span> <span class='ocrx_word' id='word_1_456' title='bbox 617 4516 647 4567; x_wconf 92' lang='lat' dir='ltr'><strong>in</strong></span> <span class='ocrx_word' id='word_1_457' title='bbox 668 4519 742 4584; x_wconf 89' lang='lat' dir='ltr'><strong>parte</strong></span> <span class='ocrx_word' id='word_1_458' title='bbox 766 4517 858 4569; x_wconf 89' lang='lat' dir='ltr'><strong>saltem</strong></span> <span class='ocrx_word' id='word_1_459' title='bbox 876 4517 954 4569; x_wconf 88' lang='lat' dir='ltr'><strong>huius</strong></span> <span class='ocrx_word' id='word_1_460' title='bbox 973 4518 1087 4584; x_wconf 91' lang='lat' dir='ltr'><strong>periodi,</strong></span> <span class='ocrx_word' id='word_1_461' title='bbox 1111 4521 1144 4574; x_wconf 93' lang='lat' dir='ltr'><strong>ab</strong></span> <span class='ocrx_word' id='word_1_462' title='bbox 1163 4535 1230 4573; x_wconf 90' lang='lat' dir='ltr'><strong>anno</strong></span> <span class='ocrx_word' id='word_1_463' title='bbox 1249 4520 1400 4575; x_wconf 77' lang='lat'>354-378</span> 
     </span>
    </p>
   </div>
   <div class='ocr_carea' id='block_1_7' title="bbox 0 0 1545 5060">
    <p class='ocr_par' dir='ltr' id='par_1_10' title="bbox 0 0 1545 5060">
     <span class='ocr_line' id='line_1_48' title="bbox 0 0 1545 5060; baseline 0 0"><span class='ocrx_word' id='word_1_464' title='bbox 0 0 1545 5060; x_wconf 95' lang='lat' dir='ltr'><strong> </strong></span> 
     </span>
    </p>
   </div>
  </div>
 </body>
</html>
