3062 5064
457 429 545 481 Graeci
563 446 641 493 nsque
658 434 764 499 aditur.
782 434 834 484 456
847 433 938 484 aChr.
1240 438 1275 494 23

112 663 218 718 Classis
238 660 402 714 Graecorum
425 659 491 723 duce
513 660 643 715 Pausania
666 660 707 723 (et
727 661 931 719 Atheniensibus
953 665 1073 731 4114474,
1096 613 1173 655 tcta.
1187 614 1276 666 mm,

151 732 265 794 Cimone)
286 731 403 799 Cyprum
420 730 524 794 liberat,
541 731 698 799 Byzantium
716 738 849 800 expugnat
1107 738 1160 791 477
1197 737 1261 793 754

112 803 180 856 Cum
194 803 340 855 Pausanias
361 801 507 868 superbiret
521 802 676 870 domumque
688 808 825 856 revocatus
839 809 917 870 esset,
935 806 1073 874 imperinm

148 875 310 925 maritimum
321 870 525 926 Atheniensibus
538 871 669 936 (Aristidi)
681 874 850 927 demandatur
867 878 899 929 ab
918 878 1007 941 sociis,
1025 878 1072 928 im-

149 945 243 1012 primis
263 943 379 997 Ionibus.
416 942 509 995 Dorois
528 943 723 999 Lacedaemone
747 947 842 999 missus
866 963 919 999 444
937 949 1071 1016 accipitur.

134 1015 242 1082 itaque
261 1013 462 1067 Lacedaemonii
481 1017 508 1065 et
524 1013 709 1081 Peloponnesii
726 1016 795 1069 bello
815 1018 900 1071 nauali
919 1017 1049 1071 desistunt
1106 1020 1159 1075 476
1196 1021 1260 1076 754

111 1085 175 1138 Deli
193 1098 332 1137 commune
350 1085 478 1136 aerarium
497 1083 529 1135 ad
547 1085 645 1138 bellum
662 1103 720 1139 oum
734 1086 822 1140 Persis
837 1088 981 1155 gerendum
997 1090 1071 1143 insti-

148 1156 232 1208 tuitur
251 1170 284 1206 ex
302 1154 407 1207 tributis
427 1155 562 1206 civitatum
1106 1162 1160 1216 470
1195 1162 1260 1217 773

116 1228 214 1288 timon,
237 1225 361 1277 Miltiadis
386 1223 431 1306 fil,
454 1224 548 1277 Persas
568 1225 679 1277 Thracia
702 1225 815 1290 (Eione)
839 1230 923 1293 eiicit,
947 1229 1070 1298 deinceps
1106 1232 1257 1287 476761

147 1295 1071 1439 tl{ttttltitlltitttttftetradiiattitulat
1096 1390 1099 1399 ·

147 1437 249 1489 Naxios
269 1453 329 1489 cum
348 1437 522 1491 descivissent
540 1438 573 1489 ad
590 1437 749 1491 deditionem
767 1439 850 1508 adigit
1106 1442 1159 1497 472
1196 1444 1257 1498 771

113 1509 258 1559 Pausaniae
279 1507 434 1574 proditionis
458 1509 594 1561 convictus
613 1509 722 1575 Spartae
745 1509 873 1563 occiditur
893 1510 976 1563 filium
993 1511 1071 1563 14114-
1160 1504 1162 1509 ’

150 1594 233 1645 quens
252 1577 456 1636 Plistoauactem
569 1626 571 1629 .
1105 1583 1158 1636 473
1195 1584 1260 1637 764

119 1649 289 1700 77441141οοί41
306 1648 460 1703 testularum
479 1647 604 1716 suffragio
626 1648 678 1701 iam
700 1653 777 1702 antea
794 1651 821 1702 in
839 1651 947 1703 exilium
963 1651 1069 1716 missus,

153 1719 231 1786 Argis
249 1720 277 1770 in
295 1718 385 1770 Asiam
404 1719 505 1786 aufugit
1105 1722 1158 1776 479
1195 1723 1259 1776 764

118 1790 202 1841 Cimon
220 1789 252 1841 ed
265 1789 485 1857 Eurymedontem
502 1788 610 1841 fiuvium
625 1788 664 1854 (in
677 1789 839 1858 Pamphylia)
852 1791 990 1843 Persarum
1003 1790 1070 1844 clas-
1318 1818 1320 1826 v

149 1876 207 1912 sem
227 1864 253 1912 et
271 1860 415 1912 exercitum
434 1859 532 1928 duplici
550 1860 659 1912 victoria
676 1860 746 1913 delet
1104 1862 1157 1916 469
1194 1861 1279 1916 778

112 1932 251 1997 Sophoclea
259 1932 371 1998 primum
379 1931 515 1998 tragoedia
523 1931 611 1983 vincit.
624 1931 741 1984 Socrates
750 1933 866 1985 nascitur
876 1932 900 1985 d.
910 1931 935 1985 3.
946 1931 1068 1999 Thargel.
1104 1932 1157 1988 468
1193 1933 1226 1985 77
1240 1934 1258 1986 4

111 2003 240 2069 Mycenae
259 2001 291 2052 ab
310 2002 414 2068 Argivis
433 2004 524 2068 captae
543 2004 570 2053 et
588 2002 688 2054 dirutae
1103 2003 1157 2058 468
1193 2003 1256 2057 781

115 2073 206 2123 ilarii
224 2072 255 2124 ab
273 2069 334 2123 Atn
355 2072 481 2123 societate
500 2070 632 2134 deficiunt,
656 2076 712 2125 orta
730 2073 896 2124 contentione
915 2073 946 2125 de
964 2088 1069 2142 posses·

146 2143 223 2195 sione
242 2157 302 2194 orae
320 2141 448 2194 Thraciae
466 2145 492 2194 et
509 2143 672 2195 metallorum
1104 2144 1156 2198 467
1193 2142 1257 2197 789

112 2214 238 2283 Spartani
260 2212 410 2264 domesticis
436 2212 626 2265 calamitatibus
650 2214 781 2277 laborant,
805 2229 864 2266 cum
886 2217 971 2266 terrae
996 2219 1069 2267 motu

145 2287 204 2336 tota
221 2299 304 2351 paene
329 2284 391 2335 urbs
415 2283 557 2347 deleretur,
580 2284 688 2335 Helotes
713 2300 743 2337 ac
762 2284 885 2337 Messenii
903 2284 1067 2349 rebellarent,

145 2354 218 2420 quod
235 2353 333 2405 bellum
349 2352 451 2407 finitum
469 2357 510 2406 est
528 2354 696 2421 quadriennio
714 2358 775 2423 post
957 2400 959 2404 ,
1104 2355 1156 2409 466
1193 2354 1257 2408 783

109 2425 203 2490 Itaque
228 2423 332 2488 Thasii,
359 2440 418 2475 cum
442 2424 541 2476 nullum
564 2441 580 2476 a
602 2425 816 2478 Lacedaemoniis
840 2425 967 2477 auxilium
989 2429 1067 2488 esset,

146 2495 227 2547 tertio
246 2509 314 2546 anno
333 2495 443 2558 obsessi,
466 2496 499 2547 ab
517 2494 721 2549 Atheniensibus
741 2501 767 2549 et
786 2496 892 2549 Cimone
911 2497 1067 2564 subiguntur
1102 2494 1155 2551 465
1192 2492 1256 2548 784

109 2567 254 2633 Imperium
264 2565 324 2618 Atn
343 2564 459 2617 firmatur
478 2567 608 2619 communi
627 2569 725 2620 aerario
745 2584 778 2620 411
790 2567 855 2620 Delo
868 2567 984 2620 Athenas
998 2583 1067 2620 com·
1191 2634 1256 2689 794

144 2639 250 2704 4411414

107 2707 287 2760 Athenienses
297 2705 511 2759 Lacedaemoniis
520 2705 639 2760 lthomen
651 2708 830 2762 obsidentibus
843 2709 940 2760 auxilia
951 2708 1066 2772 mittunt,

146 2781 254 2830 auctore
273 2776 395 2841 Cimone,
421 2776 468 2830 sed
486 2794 517 2830 ea
531 2793 594 2830 cum
617 2781 762 2846 suspiciose
785 2782 958 2831 tractarentur
983 2783 1010 2831 et
1026 2795 1066 2831 re-

144 2850 324 2911 mitterentur,
349 2847 436 2900 odium
458 2852 548 2901 natum
572 2853 620 2902 est.
662 2849 755 2901 Cimon
777 2851 804 2901 in
827 2848 934 2901 exilium
956 2850 1067 2902 mittitur
1207 2901 1211 2907 ,

144 2934 193 2986 441
206 2919 395 2970 ostracismum.
425 2918 528 2971 Exinde
541 2920 649 2971 Pericles
662 2918 848 2988 gratiapopnli
864 2919 957 2971 florere
970 2918 1064 2985 coepit.
1100 2917 1153 2973 ,463
1190 2916 1253 2970 799

108 2989 232 3042 Foedera
249 2989 338 3041 statim
355 2987 450 3042 Athen.
469 2990 569 3045 iaciunt
591 3006 650 3042 cum
668 2990 773 3058 Argivis
793 2993 819 3041 et
838 2989 981 3053 Thessalis,
1005 3004 1066 3040 mox

131 3075 208 3112 ,cum
226 3059 431 3131 Megarensibus,
451 3075 516 3128 quos
535 3063 562 3112 iu
579 3061 666 3128 longis
684 3062 765 3112 muris
777 3059 901 3113 Nisaeum
919 3075 1002 3126 usque
1021 3074 1065 3110 ex-

145 3129 266 3182 truendis
285 3130 409 3181 adiuvant
1101 3126 1155 3179 469
1191 3125 1255 3181 793

108 3200 253 3269 Aegyptiis
271 3200 337 3252 duce
360 3201 436 3253 Inaro
455 3199 637 3263 deficientibus
661 3200 693 3252 ab
711 3200 857 3253 Artaxerxe
874 3197 971 3252 anxilio
989 3197 1066 3267 profi·

147 3272 283 3323 discuntur
300 3269 360 3322 Ath.
379 3274 435 3328 tum
453 3269 534 3338 Cypri
553 3286 612 3322 cum
632 3271 717 3324 classe
736 3274 870 3324 versantes
974 3312 977 3319 ,
1103 3269 1154 3322 461
1192 3268 1256 3322 799

107 3341 263 3408 Eodemque
285 3344 401 3408 tempore
425 3342 501 3393 noris
522 3341 599 3394 bellis
625 3357 684 3394 cum
707 3338 848 3395 Corinthiis
865 3338 1066 3408 Epidauriisque

147 3416 175 3464 et
191 3411 329 3479 Aeginetis
347 3412 525 3479 implicantur:
543 3428 632 3479 pugna
650 3414 737 3467 navali
754 3413 787 3467 ad
805 3412 933 3480 Aeginam
951 3412 1066 3463 vincunt

109 3482 178 3535 Cum
202 3482 231 3533 iu
249 3482 351 3549 Aegina
374 3485 445 3536 esset
461 3481 522 3534 Ath.
542 3484 686 3548 exercitus,
711 3484 841 3537 Corinthii
863 3484 891 3535 14
908 3482 1067 3550 Megaridem

144 3552 348 3619 impressionem
365 3553 472 3618 iaciunt,
491 3552 539 3606 sed
556 3555 695 3607 vincuntur
714 3572 730 3607 4
747 3556 886 3623 1144144144,
911 3553 977 3605 duce
995 3553 1066 3605 subi-

142 3624 209 3674 14111
227 3623 357 3674 exercitus
781 3678 785 3683 ,
1037 3648 1041 3655 ·
1103 3622 1157 3675 460
1192 3620 1257 3674 794

108 3692 199 3761 Longi
215 3694 283 3744 muri
300 3685 348 3757 (τὰ
359 3683 448 3762 μακρὰ
462 3690 549 3758 τείχη)
570 3690 701 3750 aedificari
712 3696 798 3761 coepti
809 3691 931 3757 (triennio
943 3688 1067 3756 absoluti)
1103 3691 1156 3746 459
1192 3691 1227 3744 80
1241 3688 1254 3744 1

108 3764 244 3831 Areopagi
266 3764 294 3814 in
315 3778 370 3830 rep.
392 3766 510 3832 potestas
535 3765 567 3817 ab
586 3765 686 3817 Pericle
703 3765 831 3833 Ephialtis
854 3780 934 3835 opera
956 3763 998 3818 rel
1021 3778 1066 3831 op·

145 3849 241 3901 pressa
258 3833 299 3885 vel
316 3849 473 3902 magnopere
491 3835 626 3887 imminute
998 3835 1068 3887 circa
1192 3831 1254 3885 801

109 3904 313 3957 Lacedaemonii
331 3905 455 3959 adversus
474 3905 623 3965 Phocenses
647 3921 694 3973 pro
713 3904 883 3958 Doriensibus
906 3904 1004 3957 bellum
1022 3920 1066 3972 ge·
1102 3903 1155 3958 458
1191 3901 1255 3970 80}

145 3979 223 4037 runt;
248 3975 376 4029 exercitui
396 3972 499 4028 illorum
522 3977 641 4029 redeunti
664 3976 696 4027 ad
714 3976 861 4042 Tanagram
881 3991 912 4027 se
931 3978 1066 4044 opponunt

142 4044 330 4108 Athenienses,
350 4045 397 4099 sed
412 4048 553 4099 uincuntur
571 4050 597 4099 et
615 4047 707 4099 cedere
726 4050 863 4114 coguntur.

65 4159 66 4162 ,
108 4117 241 4169 Damnum
260 4115 381 4169 celeriter
398 4116 469 4184 (post
487 4118 520 4171 69
539 4116 606 4181 (1144)
624 4121 759 4186 reparatur
775 4133 822 4185 per
838 4117 999 4184 Myreaidem,
1020 4117 1065 4183 qui

143 4187 261 4239 Boeotos
285 4187 318 4237 ad
342 4186 496 4256 Oenophyta
517 4189 599 4241 vincit
623 4191 649 4241 et
668 4187 851 4241 Thebanorum
874 4188 984 4241 consilia
1006 4204 1064 4255 per-

144 4258 224 4309 vertit
241 4258 349 4309 ineunte
368 4273 414 4308 a.
1100 4254 1153 4312 457
1190 4255 1254 4310 808

114 4328 197 4381 Cimon
213 4329 242 4380 in
260 4328 373 4396 patriam
389 4327 536 4381 restituitur
553 4328 630 4396 paulo
648 4332 709 4396 pust
726 4344 841 4398 pugnam
859 4328 1046 4397 Tanagraeum.

112 4397 264 4468 Aeginetae,
284 4414 345 4453 cnm
363 4399 488 4451 auxilium
506 4403 578 4453 esset
594 4400 702 4464 nullum,
720 4399 923 4453 Atheniensibus
943 4414 1001 4451 sese
1020 4398 1064 4451 de·
1099 4394 1151 4449 456
1189 4394 1254 4449 804

144 4469 220 4537 duut3
243 4470 306 4524 inde
331 4473 450 4539 apertum
466 4470 565 4534 bellum
583 4487 642 4523 cum
659 4470 871 4523 Lacedaemoniis
889 4472 984 4538 gerunt
1000 4469 1060 4520 Ath.
