3062 5064
217 1402 514 1494 Hlsro'mnn
544 1407 828 1543 ANTIQUAE
856 1407 1217 1495 CONSPEOTUS.

642 1656 793 1666 ....-.----

190 1806 335 1903 Historia
353 1850 467 1917 antiqua
485 1849 546 1902 inde
565 1865 581 1900 a
598 1850 682 1917 prima
699 1864 785 1901 rerum
798 1851 929 1916 gestarum
941 1850 1065 1902 memoria
1077 1866 1104 1902 re
1124 1850 1195 1914 etita,
1214 1866 1296 1919 usque

141 1921 175 1974 ad
194 1920 307 1973 deletum
325 1936 418 1972 nomen
437 1921 600 1988 imperatoris
625 1924 651 1973 et
669 1921 772 1988 imperii
789 1920 900 1972 Romani
919 1867 1123 1985 (occidentalisg
1139 1922 1296 1985 extenditur,

140 1994 159 2046 i.
179 2008 202 2045 e.
221 1991 253 2043 ad
273 2006 368 2043 annum
387 1994 447 2059 post
466 1990 525 2044 Ghr.
545 1994 597 2043 nat.
616 1989 676 2043 476.

214 2062 292 2114 Initia
314 2077 452 2129 regnorum
478 2065 504 2113 et
527 2062 660 2114 civitatum
683 2060 737 2114 fere
761 2061 875 2113 omnium
899 2062 1010 2115 obscura
1031 2065 1105 2126 sunt,
1130 2062 1177 2115 sed
1195 2078 1229 2115 ex
1246 2077 1296 2129 quo

141 2134 239 2187 certior
263 2133 387 2185 historiae
412 2133 458 2184 lux
476 2136 533 2185 orta
551 2135 605 2197 est,
629 2135 731 2201 praeter
752 2133 872 2185 nationes
891 2133 969 2185 rudes
989 2136 1066 2201 atque
1083 2133 1210 2196 incultas,
1235 2136 1298 2185 tria

141 2206 255 2257 maxime
274 2204 389 2271 gentium
409 2219 505 2272 genere
526 2207 553 2256 et
570 2204 702 2270 imperia
723 2202 932 2271 distinguuntur,
955 2204 1106 2269 Persarum,
1130 2203 1297 2268 Graecorum,

140 2276 327 2329 Romanorum.

214 2345 346 2396 Persarum
364 2344 499 2411 imperinm
512 2343 602 2396 Asiam
622 2344 649 2406 (i.
668 2359 690 2396 e.
710 2343 906 2407 occidentalem,
924 2359 991 2411 quae
1010 2345 1067 2397 sola
1084 2345 1111 2396 in
1129 2344 1197 2396 huno
1210 2359 1299 2396 recen·

143 2431 201 2468 sum
221 2413 303 2477 venit)
322 2418 349 2467 et
366 2415 522 2482 Aegyptum,
540 2414 651 2482 populos
670 2418 747 2467 autea
765 2416 806 2467 sui
824 2414 897 2477 iuris,
916 2415 1120 2483 comprehendit.
1152 2415 1299 2466 Graecorum

142 2487 291 2554 imperium,
317 2485 387 2553 quod
404 2489 524 2549 vocatur,
548 2486 643 2539 liberae
662 2484 787 2538 Graeciae
805 2485 925 2538 civitates
950 2490 977 2538 et
994 2500 1103 2554 regnum
1120 2485 1300 2549 Macedonum,

54 2613 58 2621 ,
143 2560 206 2625 post
225 2557 320 2608 Persas
339 2556 455 2608 devictos
474 2557 502 2608 in
519 2555 583 2608 Asia
602 2556 797 2620 dominantium,
821 2556 869 2609 sed
886 2557 963 2623 paulo
982 2560 1044 2624 post
1061 2557 1089 2609 in
1107 2557 1192 2609 varias
1211 2559 1299 2624 partes

142 2627 318 2695 discerptum,
342 2624 466 2679 eontinet.
502 2627 666 2678 Romanorum
686 2627 797 2695 denique
815 2627 951 2695 imperium
970 2628 1095 2695 paulatim
1119 2642 1198 2696 super
1216 2628 1301 2696 ipsam

144 2697 283 2751 Graeciam
306 2700 333 2749 et
355 2697 533 2749 Macedoniam
556 2701 582 2749 et
606 2698 728 2750 maiorem
750 2701 850 2766 partem
874 2713 962 2750 earum
987 2702 1125 2762 terrarum,
1149 2714 1215 2766 quae
1238 2698 1302 2751 olim

141 2769 244 2831 Persis,
268 2772 329 2835 post
346 2767 530 2837 Macedonibus
559 2768 692 2821 subiectae
720 2772 807 2832 erant,
833 2768 1034 2821 extendebatur:
1061 2770 1234 2837 quibuscum
1257 2768 1309 2831 ada

142 2841 214 2892 iacta
238 2843 309 2891 esset
326 2836 415 2890 Africa
438 2842 464 2890 et
482 2838 601 2907 Europae
624 2853 684 2906 pars
704 2839 887 2903 occidentalis,
912 2843 982 2892 totus
1002 2840 1073 2892 orbis
1092 2844 1232 2904 terrarum,
1256 2839 1305 2908 qui-

143 2910 250 2973 dicitur,
267 2909 392 2960 Romanis
411 2909 526 2977 parebat.

217 2978 306 3031 Prima
324 2980 404 3046 igitur
426 2995 486 3047 pars
505 2979 629 3031 historiae
652 2979 773 3045 antiquae
798 2978 946 3031 continetur
968 2980 1076 3047 imperio
1095 2979 1242 3042 Persarum,
1264 2978 1302 3030 ita

143 3053 175 3101 ut
192 3051 304 3115 primum
322 3050 432 3102 historia
444 3050 561 3118 gentium
573 3049 612 3100 illi
625 3049 809 3112 subiectarum,
828 3049 913 3116 quoad
926 3050 968 3101 sui
979 3050 1043 3102 iuris
1057 3053 1138 3113 erant,
1158 3052 1301 3112 enarretur,
1364 3054 1367 3071 ¹

142 3124 199 3171 tum
218 3121 300 3173 totius
319 3121 421 3187 imperii
439 3120 493 3172 iata
511 3122 681 3187 exponantur.
718 3118 848 3172 Parebant
868 3124 954 3172 autem
977 3121 1034 3188 regi
1051 3120 1190 3172 Persarum
1209 3121 1301 3187 gentes

144 3188 268 3257 (quarum
287 3191 390 3257 quidem
409 3206 451 3244 res
471 3194 560 3259 gestae
579 3190 746 3257 singulariter
765 3191 902 3243 memoriae
920 3192 995 3258 prodi
1014 3192 1116 3258 possint
1137 3206 1168 3243 ac
1180 3189 1302 3252 debeant)

142 3262 205 3312 hae:
229 3261 361 3331 Aepyptii,
386 3261 531 3326 Phoenices,
554 3261 651 3323 Iudaei,
670 3261 738 3328 Lydi
756 3276 815 3313 oum
834 3262 928 3315 ceteris
947 3263 1068 3331 gentibus
1087 3260 1167 3315 Asiae
1186 3262 1302 3324 minoris,

142 3333 254 3399 Assyrii,
279 3332 429 3399 Babylonii,
455 3333 537 3396 Medi,
555 3332 608 3399 ipsi
626 3332 725 3383 Persae.
761 3331 852 3399 Neque
871 3348 931 3385 vero
951 3333 1087 3401 quisquam
1105 3336 1188 3401 putet,
1207 3332 1303 3384 iustam

144 3402 277 3469 quandam
301 3402 436 3454 historiam
459 3403 550 3454 harum
572 3402 689 3470 gentium
712 3404 738 3453 et
760 3403 862 3469 imperii
880 3403 994 3467 Persici,
1018 3403 1067 3456 sub
1086 3419 1137 3471 quo
1156 3406 1250 3471 postea
1267 3402 1303 3453 la-

144 3476 261 3536 tuerunt,
281 3471 395 3525 describi
412 3488 499 3540 posse,
518 3489 577 3525 cum
595 3476 697 3539 praeter
711 3471 863 3525 ludaeorum
882 3473 962 3527 libros
980 3490 1069 3526 sacros
1083 3478 1228 3527 ceterarum
1241 3488 1303 3539 gen·

142 3543 210 3595 tium
229 3542 375 3611 fragmenta
393 3547 494 3597 tantum
511 3544 643 3605 historiae,
667 3559 682 3594 a
701 3542 809 3595 Graecis
827 3543 980 3612 Latinisque
999 3545 1171 3612 scriptoribus
1182 3547 1303 3607 servata,

142 3612 302 3677 habeamus,
327 3631 360 3666 ex
379 3615 473 3681 quibus
492 3615 537 3682 qai
554 3613 689 3666 historiam
708 3628 863 3680 componere
883 3616 1017 3679 studeant,
1043 3615 1102 3684 plus
1122 3630 1169 3667 suo
1188 3614 1304 3682 ingenio,

143 3698 223 3751 quam
241 3700 327 3736 rerum
347 3682 407 3737 fidei
425 3686 540 3737 tribuant
558 3699 666 3736 neeesse
686 3687 734 3735 est.
766 3685 856 3752 ltaque
875 3701 921 3753 pro
941 3690 1031 3740 nostra
1050 3687 1158 3749 ratione,
1178 3701 1237 3737 cum
1250 3699 1304 3736 cer·

141 3758 198 3806 tam
217 3770 304 3806 rerum
324 3759 455 3821 gestarum
474 3755 622 3811 memoriam
642 3754 797 3822 consignare
817 3756 892 3809 nobis
907 3757 1128 3825 proposuerimus,
1147 3756 1260 3807 laceram
1275 3769 1305 3806 ao

144 3824 283 3877 deiectam
303 3824 370 3877 hano
387 3826 511 3879 historiae
530 3826 651 3892 antiquae
669 3830 770 3892 partem
787 3825 871 3879 rideri
889 3842 998 3880 necesse
1017 3831 1066 3891 est,
1086 3828 1161 3880 cuius
1176 3827 1216 3879 rei
1228 3826 1306 3894 culpa

144 3910 198 3946 non
217 3899 259 3948 est
277 3897 305 3948 in
324 3896 408 3960 nobis,
428 3897 520 3950 sedin
538 3898 597 3963 ipsa
614 3896 731 3964 gentium
749 3898 882 3949 memoria

624 4175 824 4185 ψ
