3062 5064
465 369 552 420 Graeci
570 384 648 432 usqne
665 373 698 419 ad
715 387 771 421 ann
788 374 839 421 491
853 388 875 421 0.
888 371 945 423 Chr.
1247 377 1280 432 21

154 605 275 671 1191θῆ96
294 603 352 654 6198
370 599 428 664 filii,
446 601 599 665 Succedunt,
624 600 669 669 qui
687 601 782 654 litteris
801 602 899 655 lavisse
918 607 995 672 atquc
1012 605 1081 657 Aoo·
1105 552 1284 605 mmmm

159 676 265 727 creontis
284 676 311 725 01
327 673 462 725 Simonidis
480 672 668 725 consuetudine
686 672 808 725 delectati
826 678 970 727 uamautur.

121 746 224 799 Eodem
242 744 298 796 lere
316 746 432 810 tempore
444 743 589 810 Polycrates
606 747 733 810 tyrannus
747 743 892 796 Samiorum
904 744 987 808 floret,
1006 747 1080 798 cuius

157 815 327 883 tyrannidem
345 815 505 881 Pythagoras
530 813 701 882 philosophus
719 814 787 882 urgit
806 814 860 876 (01.
878 815 957 879 62,1)
976 815 1083 868 frustra·

160 902 211 954 que
231 888 349 938 evertere
368 884 534 952 expeditione
552 889 675 952 suscepta
692 885 893 941 Lacedaemonii
911 890 1038 939 conantur
1118 886 1170 942 525
1205 889 1270 942 694

125 957 180 1010 Sed
199 972 260 1008 eum
282 955 459 1007 fraudulenter
483 957 687 1007 circumventum
706 956 828 1018 Oroates,
851 957 951 1024 Lydiae
971 964 1082 1025 satrapa,

157 1027 312 1095 Magnesiae
331 1027 403 1078 cruci
421 1024 512 1093 affigit.
551 1026 676 1078 Succedit
694 1027 719 1078 ei
738 1027 852 1093 Syloscn
1119 1027 1170 1082 522
1207 1030 1271 1083 643

126 1099 266 1150 Cleomenes
283 1095 476 1148 Auarandridis
495 1096 512 1148 l.
532 1111 565 1148 ex
583 1096 677 1164 Agidis
695 1112 743 1148 rex
762 1097 871 1165 Spartae
890 1100 932 1149 001
1117 1099 1170 1153 519
1205 1100 1270 1155 652

158 1183 212 1236 quo
233 1167 299 1219 duce
318 1167 387 1219 60110
406 1182 465 1219 000
476 1165 582 1234 Argiuis
601 1171 768 1232 renovantur,
787 1169 882 1236 quibus
895 1168 990 1222 Laced.
1004 1168 1082 1238 longe

157 1239 310 1307 superiores
330 1238 454 1291 existunt
491 1300 495 1303 v

120 1311 288 1376 Hipparchus
305 1309 409 1361 0001000
428 1308 460 1360 ab
477 1307 614 1359 Harmodio
633 1310 660 1360 01
677 1309 846 1375 Aristogitone
1117 1309 1169 1365 514
1206 1312 1269 1365 663

121 1378 330 1434 Alcmaeonidae
349 1379 439 1431 exules
459 1395 475 1429 a
493 1377 632 1430 Cleomene
649 1394 711 1445 rege
723 1379 785 1432 Lac.
806 1380 892 1442 (iussu
910 1379 1009 1432 croculi
1021 1379 1082 1431 Del-

156 1449 246 1519 phici)
271 1450 353 1501 adiuti
374 1448 491 1519 Athenas
513 1448 636 1513 redeunt,
660 1450 772 1516 Hippios
795 1452 894 1503 eiectus
918 1450 1026 1518 Sigeum
1048 1450 1082 1502 ad

158 1520 349 1574 Scamandrum
366 1518 474 1572 fluvium
492 1535 551 1572 cum
569 1521 624 1572 suis
642 1521 709 1587 petit
1117 1521 1170 1577 510
1206 1524 1271 1592 67}

126 1592 264 1644 Clisthenes
281 1591 405 1658 Megaclis
428 1589 464 1642 fil.
488 1606 522 1642 ex
538 1590 782 1643 Alcmaeonidarum
805 1594 882 1661 gente
906 1593 933 1643 et
949 1591 1079 1657 lacessas,

162 1661 285 1714 Tisandri
302 1660 349 1724 fil,
367 1661 399 1714 de
416 1662 564 1729 principatu
583 1662 750 1714 contendunt.

123 1732 284 1795 Clisthenes,
301 1732 392 1800 populi
409 1733 520 1800 gratiam
538 1735 655 1799 captans,
681 1732 714 1784 10
732 1732 815 1784 tribus
834 1726 948 1800 (eride)
965 1731 1080 1783 instituit

156 1820 191 1856 ex
211 1808 342 1870 quattuor,
361 1804 445 1870 iisque
464 1818 531 1854 nova
547 1803 655 1855 hereum
667 1804 771 1854 nomina
783 1803 893 1869 imponit
905 1801 1079 1865 (Erechtheis,

153 1873 266 1942 AegeiS,
278 1873 429 1934 Pandionis,
442 1873 559 1936 Leontis,
572 1873 733 1937 Acamantis,
750 1872 1003 1941 00001090000010,
1016 1872 1079 1939 Η10-

152 1945 319 2013 pothccntn's,
341 1944 459 2007 Aeantia,
484 1942 647 2007 Antiochia),
667 1947 786 1996 senatum
805 1943 857 1996 500
876 1944 990 1995 virorum
1008 1943 1079 2007 lacit,

156 2031 193 2068 ex
217 2016 329 2083 singulis
353 2015 471 2067 tribubus
490 2014 525 2066 50
543 2015 682 2081 quotannis
706 2019 776 2069 sorte
795 2014 939 2082 designatis
958 2008 1080 2083 (πρυτά-

156 2103 223 2147 rsrs,
243 2080 382 2156 πρόεδροι,
402 2079 573 2149 ἐπιστάτης),
592 2088 727 2152 praeterea
746 2085 780 2139 10
798 2089 928 2153 strategos
948 2084 1080 2153 suffragiis

157 2158 255 2210 civium
275 2156 409 2210 creandos.
447 2155 634 2209 Ostracismum
654 2156 776 2221 instituit,
800 2171 851 2224 quc
869 2157 919 2209 viri
939 2158 1079 2225 0010000-

156 2228 255 2280 0101001
272 2227 435 2295 expellantur
720 2287 722 2291 ,
959 2244 963 2249 ·
1089 2227 1168 2283 Ι5119
1204 2229 1268 2282 674

120 2298 235 2351 Eiieitur
253 2299 284 2350 ab
303 2298 411 2364 lsagcra
434 2300 461 2348 et
478 2294 743 2357 Lacedaemoniorum
761 2312 824 2365 rege
843 2296 982 2351 Cleomene
1001 2297 1080 2350 simul

157 2385 219 2422 cum
238 2368 291 2422 700
309 2369 410 2422 civibus
428 2367 632 2420 Atheniensibus
1116 2368 1168 2423 508
1205 2369 1265 2424 681

120 2439 184 2493 Mox
203 2440 332 2491 seditione
351 2439 421 2492 facta
432 2437 597 2506 expelluntur
609 2437 810 2491 Lacedaemonii
823 2440 851 2490 01
862 2438 907 2506 qui
920 2448 1008 2490 acrum
1021 2453 1079 2506 par·

157 2510 230 2562 tibus
249 2510 378 2573 1000000
397 2508 544 2562 Clisthenes
564 2511 708 2561 revocatur.

124 2582 263 2634 Cleomenes
280 2597 327 2632 rex
339 2579 434 2632 Laced.
447 2580 568 2631 iniuriam
581 2580 682 2632 ulturus
695 2579 946 2647 Peloponnesiorum
957 2582 983 2631 et
995 2578 1079 2632 Boeo·

157 2656 246 2704 tcrum
264 2651 526 2717 Chalcidensiumque
549 2651 639 2718 copias
661 2649 786 2702 adversus
804 2650 979 2703 Athenienses
998 2650 1078 2714 ducit,

158 2723 208 2775 sed
226 2738 285 2774 cum
302 2723 492 2789 relinqueretur
515 2737 530 2772 a
549 2722 628 2773 sociis
649 2720 791 2774 Corinthiis
813 2725 839 2773 et
858 2722 889 2773 ab
908 2722 966 2788 ipso
986 2720 1079 2773 Dema-

157 2798 216 2845 rato
235 2793 337 2860 collega
353 2792 496 2855 (Aristonis
515 2791 582 2844 laiso
600 2790 676 2856 filio),
695 2793 826 2844 exercitus
846 2791 969 2843 dilabitur
1113 2793 1166 2849 504
1203 2795 1264 2848 691

119 2864 185 2916 Mox
202 2862 376 2916 Athenienses
389 2864 503 2916 Boeotos
523 2863 692 2927 ulciscuntur,
711 2866 738 2916 01
750 2861 936 2914 Chalcidenses
956 2876 1077 2929 agrorum

157 2938 232 3001 parte
251 2935 362 2987 multant
380 2934 490 2986 coloniis
509 2935 537 2985 in
555 2934 688 2986 Euboeam
707 2933 834 2986 deductis.
861 2956 864 2962 ·
1167 2988 1170 2993 ,

119 3003 280 3073 Aeginetae,
304 3006 404 3058 excreti
427 3021 443 3056 0
462 3004 607 3069 Thebanis,
630 3004 744 3057 Atticam
762 3005 878 3056 vastant:
903 3000 966 3054 inda
989 3001 1077 3054 odium

158 3076 228 3130 inter
245 3076 319 3144 ipsos
338 3079 365 3129 et
382 3075 568 3128 Athenienses.

143 3289 268 3341 Periodos
287 3288 367 3351 terrio,
391 3262 574 3338 historicorum
592 3284 766 3337 monumentis
782 3269 923 3347 illustrata,
946 3282 1056 3336 0601110

166 3358 283 3411 Persicis
296 3372 379 3424 usque
392 3357 425 3408 ad
436 3372 551 3424 pugnam
563 3355 632 3423 apud
644 3355 821 3409 Chaeroneam
834 3353 927 3407 -338
940 3370 963 3406 a.
974 3354 1034 3406 Chr.

120 3499 236 3568 Hippias
255 3497 397 3550 destitutus
416 3510 432 3548 0
451 3496 596 3564 Spartanis,
615 3497 660 3564 qui
677 3495 789 3548 reditum
806 3496 987 3564 promiserant,
1007 3494 1079 3546 auxi-

158 3571 224 3622 lium
241 3570 308 3637 petit
325 3569 357 3621 ab
371 3567 543 3636 Artapherne,
561 3565 649 3619 100100
663 3570 779 3635 satrapa:
800 3571 891 3619 eontra
902 3565 1077 3618 Athenienses

159 3644 187 3693 et
204 3641 368 3693 Eretrienses
388 3639 472 3691 classe
492 3638 616 3690 adiuuant
629 3639 807 3705 Aristagoram
822 3638 937 3689 0110000
956 3635 1077 3698 rebelles,

161 3711 260 3765 Sardes
272 3712 407 3763 incensae:
421 3725 472 3777 quc
486 3724 553 3761 anno
566 3709 712 3775 Aeschylus
724 3708 873 3776 tragoedias
887 3708 980 3760 docere
993 3706 1079 3774 coepit
1113 3705 1166 3760 499
1203 3705 1267 3758 709

122 3784 230 3834 Miletos
248 3782 349 3849 capitur
373 3785 448 3833 sexto
471 3784 533 3847 0001
554 3779 727 3831 deiectionem
745 3794 812 3831 0000
831 3778 1009 3846 (Phrynichus
1021 3779 1078 3829 'tra-

160 3853 237 3921 goed.
256 3847 381 3917 Μιλήτου
397 3844 502 3902 ἅλωσιν
520 3866 572 3904 000
590 3849 671 3901 multe
688 3852 750 3917 post
768 3849 858 3911 dccet)
1114 3847 1168 3901 494
1203 3846 1268 3900 713

123 3923 271 3992 Sophocles
288 3922 429 3990 tragoedus
449 3922 565 3974 nascitur
582 3920 634 3972 496
654 3920 695 3971 vel
1114 3916 1167 3972 495
1204 3917 1267 3971 719

121 3995 199 4049 Novo
219 4009 280 4046 vere
292 3994 432 4046 Persarum
451 3993 544 4045 classis
564 3998 665 4044 eeteros
683 3990 795 4043 rebelles
812 3989 966 4056 insulasque,
978 3988 1079 4052 Chium,

158 4066 284 4128 Lesbum,
307 4064 443 4119 Tenedum
461 4062 494 4114 ad
512 4062 671 4114 deditionem
689 4062 779 4130 adigit,
803 4061 941 4124 Miltiades,
962 4058 1078 4112 Cimonis

158 4136 239 4200 filius,
259 4151 293 4187 ex
309 4135 481 4201 Hellesponto
499 4133 615 4185 Athenas
633 4132 701 4184 redit
1115 4129 1169 4182 493

120 4207 274 4272 Mardonius
293 4205 431 4258 Persarum
451 4205 504 4256 dux
521 4205 549 4256 in
566 4203 671 4272 Europa
688 4203 785 4256 bellum
804 4203 880 4271 gerit,
901 4200 1080 4254 Macedoniam

156 4278 268 4345 irnperio
287 4277 359 4344 regis
378 4276 498 4344 adiungit
922 4311 928 4324 .
1114 4269 1166 4322 499

120 4349 230 4418 Legatis
250 4365 266 4399 a
285 4347 371 4400 Dareo
394 4347 483 4401 missis
507 4346 624 4416 plerique
641 4345 757 4398 insulani
781 4348 807 4398 et
824 4358 885 4398 reru
904 4344 983 4397 etiam
1000 4340 1079 4410 Aegi-
1183 4353 1184 4357 ’

157 4423 235 4474 00100
253 4434 285 4473 00
297 4419 426 4473 deditioni
438 4422 543 4488 paratos
557 4417 705 4482 ostendunt,
724 4418 804 4470 ceteri
817 4415 911 4470 Graeci
922 4429 975 4467 non
985 4413 1078 4482 parent
1105 4407 1163 4461 θ491
