3062 5064
569 422 649 488 Syria.
675 426 811 490 Aegyptus.
1227 426 1264 483 45

1076 603 1155 646 5015.
1178 603 1206 645 01
1221 617 1265 646 m.

104 654 220 727 Tigrane
238 653 310 709 51515
334 671 351 707 5
367 652 491 720 Lucullo,
512 652 615 724 procos,
633 655 718 720 ilem,
740 656 876 711 Antiochus
891 657 971 709 XII]
988 657 1063 711 Asio-
1207 616 1221 656 y
1243 615 1258 654 p

139 731 215 792 that,
240 726 366 781 Antiochi
388 725 416 778 X
439 741 473 778 ex
497 726 591 783 Selene
613 726 697 790 dhus,
721 728 805 781 redux
827 743 861 781 ex
883 728 948 781 Asia
971 728 1064 796 Syriae

137 815 250 869 regnum
262 801 392 866 occupat,
411 812 495 864 neque
514 813 573 850 eum
591 797 701 866 impedit
717 797 844 853 Lucullus
1112 800 1146 853 69

105 869 247 938 Pompeius
266 884 336 936 quae
347 867 472 920 Lucullus
491 868 639 921 instituerat
650 869 724 921 irrita
736 884 795 923 ease
807 870 888 933 iubet,
906 868 1063 923 Antiochum

23 956 25 959 ·
140 955 222 1009 regno
240 940 337 1007 privat,
357 939 460 1006 Syriam
478 939 506 990 in
524 938 633 991 formam
650 940 800 1007 prouinciae
818 940 914 1009 redigit
1112 939 1146 993 65
1184 940 1263 995 1783

337 1218 366 1281 b)
393 1218 505 1286 11595555
524 1220 634 1288 Aegypti
651 1224 695 1275 tuh
713 1221 831 1289 Lapidis.

108 1362 274 1424 Ptolemaeus,
303 1358 371 1428 Lagi
394 1358 476 1424 filius,
506 1361 581 1412 Soter
601 1361 703 1428 regium
726 1375 821 1415 nomen
845 1363 936 1427 sumit,
961 1363 1062 1430 primus

140 1431 258 1500 Aegypti
275 1445 323 1483 rex
341 1434 403 1498 post
419 1428 597 1483 Alexandrum
614 1431 647 1483 bl.
667 1432 761 1485 dicitur
1094 1437 1146 1491 306

109 1502 293 1555 Alexandriam
312 1501 439 1568 portibus,
457 1502 547 1568 pharo,
566 1502 770 1570 aquaeductibus
788 1506 870 1555 ornat.

108 1573 284 1625 Ptolemaeum
309 1586 344 1623 ex
360 1571 488 1624 Berenice
510 1572 593 1626 filium
611 1573 747 1641 repudiato
765 1574 914 1627 Ptolemaeo
933 1573 1061 1639 6555555,

145 1658 178 1695 ex
194 1644 279 1710 priore
298 1643 409 1710 coniuge
422 1642 552 1710 Eurydice
570 1642 633 1708 filio,
651 1645 679 1696 in
697 1645 773 1712 regni
786 1646 938 1698 societatem
950 1646 1063 1698 assumit
1092 1647 1144 1701 285
1183 1649 1263 1703 1234

109 1713 215 1765 Moritur
232 1713 327 1766 5515115
345 1728 414 1765 anno
431 1713 467 1766 64
1093 1719 1145 1773 283
1183 1720 1262 1772 1242

107 1783 261 1836 Ptolcmam
272 1784 308 1835 ΙΙ
321 1784 508 1849 Philadelphus,
531 1783 649 1837 infirmus
668 1799 791 1852 corpore,
813 1784 928 1853 prudeus
947 1785 1062 1854 ingenio,

141 1854 280 1918 (Stratone
298 1854 473 1921 Peripatetico
492 1856 618 1923 magistro
637 1855 715 1916 usus)
742 1856 836 1908 liboris
856 1856 1006 1923 artibusque
1024 1856 1062 1907 ia·

140 1940 206 1978 tens
230 1924 366 1983 Biannos
389 1928 494 1993 regnat;
518 1941 626 1978 uxorem
647 1926 726 1978 habet
743 1925 887 1991 Arsinoen,
911 1926 1062 1994 Lysimachi

140 1996 214 2064 regis
237 1994 331 2059 fiham,
355 2010 389 2047 ex
410 2011 495 2063 eaque
512 1997 580 2049 Ptol.
604 2000 631 2049 et
648 1996 834 2063 Lysimachum
861 2001 887 2050 et
904 1998 1061 2051 Berenicen:

141 2066 204 2118 dein
222 2065 332 2118 dimissa
349 2080 439 2130 uxore,
457 2067 565 2119 alteram
583 2067 656 2120 ducit
671 2066 810 2131 Arsinoen,
828 2081 945 2120 sororem
963 2082 1062 2137 germa-

141 2153 210 2200 nam,
228 2136 380 2204 Lysimachi
395 2137 467 2204 regis
479 2137 593 2202 viduam,
609 2137 750 2206 Aegyptio,
770 2153 822 2191 non
834 2132 1004 2192 Macedonum
1017 2142 1062 2192 aut

141 2206 303 2260 Graecorum
320 2221 401 2271 more,
420 2223 468 2260 nec
486 2210 574 2260 tamen
592 2224 626 2261 eu
645 2224 675 2261 ea
693 2209 790 2262 liberos
808 2209 893 2262 habet.

106 2277 224 2330 lluseum
236 2275 441 2331 Alexandrinum
460 2279 549 2331 condit
567 2294 626 2332 cum
643 2280 809 2343 bibliotheca,
826 2281 871 2333 cui
888 2283 993 2349 praeest
1010 2282 1062 2350 pri-

139 2363 200 2401 mus
220 2348 360 2400 Zatodotus
377 2348 516 2415 Ephesius,
535 2349 697 2417 Philadelphi
714 2350 848 2418 magister.

107 2418 172 2472 Cum
192 2418 318 2478 11555515
336 2419 407 2472 dcto
425 2419 525 2486 Pyrrho
543 2419 652 2488 Epirota
669 2420 761 2475 foedus
780 2421 830 2474 init
1092 2421 1144 2475 273
1183 2422 1263 2475 1264

105 2489 210 2543 Bellum
228 2489 297 2558 gerit
319 2503 378 2540 cum
396 2490 473 2557 Maga
495 2488 587 2554 fratre,
612 2489 771 2558 Cyrenaicae
789 2490 934 2559 praetacto,
958 2495 1061 2545 etcum
1190 2500 1192 2503 '

141 2558 272 2612 5565515
290 2558 358 2624 θεῷ.
386 2559 442 2612 Pax
461 2559 690 2628 sic-componitur,
710 2564 742 2614 nt
749 2559 895 2619 Antiochus
908 2562 1060 2627 Berenicen,

141 2629 308 2698 Philadelphi
328 2629 421 2694 filiam,
444 2629 538 2695 ducat,
561 2631 652 2698 hlagae
675 2630 730 2684 filia
752 2632 880 2686 Berenice
902 2632 1060 2698 Ptolemaeo,

140 2699 306 2768 Philadelphi
323 2699 386 2763 filio,
404 2700 493 2753 nubat.

106 2770 208 2823 1155155
226 2769 395 2839 Philadelpho
418 2771 537 2824 succedit
554 2771 572 2822 1
590 2771 657 2823 Ptol.
674 2772 728 2822 ΙΙΙ.
748 2772 898 2839 Euergetes,
921 2789 955 2825 ex
976 2774 1062 2841 priore

141 2840 255 2893 Arsinoe
272 2840 351 2904 tilius,
368 2856 529 2909 regnumque
547 2844 619 2894 tenet
636 2856 684 2909 per
701 2840 736 2895 25
753 2857 846 2906 annos,
865 2843 897 2894 ab
1091 2844 1142 2896 241
1181 2843 1261 2897 1332

107 2910 172 2964 Cum
193 2910 306 2964 Seleuco
324 2911 350 2963 ΙΙ
371 2925 434 2979 rege
453 2911 545 2980 Syriae
567 2912 665 2964 sororis
683 2912 823 2966 Berenices
846 2928 937 2966 necem
959 2913 1064 2966 ulturus
1091 2914 1143 2968 246
1182 2915 1284 2968 1333·

141 2982 240 3034 bellum
263 2982 331 3049 gerit
353 2984 427 3034 tanta
451 2981 554 3050 fortuna
576 2988 607 3035 nt
627 2982 724 3035 Bactra
744 2998 827 3050 nsque
848 2986 1012 3050 penetrasse,
1035 2988 1062 3036 et

141 3055 247 3104 5515515
265 3052 371 3105 deorum
389 3052 428 3104 Ae
483 3053 579 3106 tiorum
597 3053 737 3106 simulacra
754 3069 770 3105 a
786 3053 874 3109 Persis
893 3053 1006 3107 abducta
1022 3069 1061 3106 re-

140 3126 262 3190 portam
281 3122 388 3175 dicatur.
416 3121 426 3181 (
451 3138 510 3177 cma
526 3124 668 3177 Berenices
686 3124 802 3192 reginae,
821 3123 912 3177 Conon
931 3125 1060 3188 matham,

144 3194 318 3246 Callimachus>
329 3190 427 3260 poeta.)

105 3262 172 3316 ltem
190 3264 367 3316 Eratosthenes
385 3263 550 3332 geographus
567 3262 660 3316 florere
678 3265 772 3333 incipit
1092 3265 1144 3319 223
1182 3265 1261 3318 1392

105 3333 218 3387 Decedit
238 3334 397 3404 Euergetes,
422 3335 540 3403 sequitur
562 3334 580 3387 t.
603 3336 671 3388 Ptol.
683 3337 728 3388 IV
744 3337 903 3402 Philopator,
928 3333 959 3385 ll
979 3348 1060 3386 annos

140 3421 255 3474 regnans
1091 3404 1143 3458 222
1182 3404 1262 3459 1393

106 3475 213 3528 Sosibio
235 3480 263 3528 et
279 3474 425 3545 Agathocle
447 3476 575 3529 ministris
599 3479 626 3529 et
647 3476 797 3529 5551551555
820 3475 979 3544 flagitiorum
997 3490 1061 3528 usus

139 3547 306 3615 suspiciosus
324 3550 352 3600 ct
369 3547 482 3600 crudelis
500 3548 528 3600 in
547 3562 609 3600 suos
628 3551 681 3600 este
701 3563 754 3600 non
771 3547 917 3600 ineruditus
935 3550 1031 3600 tamen.

104 3615 263 3671 Antiochum
286 3618 408 3686 blagnum
432 3618 525 3686 Syriae
548 3633 637 3686 regom
665 3618 760 3671 5151515
788 3618 1005 3672 mercenariorum
1029 3617 1061 3669 ad

139 3688 269 3757 Raphiam
287 3689 382 3753 515511,
404 3691 543 3756 metusque
566 3689 761 3756 possessionem
779 3689 925 3742 Phoenices
951 3692 977 3741 et
997 3688 1062 3741 Ooo-

138 3759 255 3826 lesyriae
730 3784 732 3787 v
1092 3760 1143 3813 217

105 3828 240 3882 Romanus
259 3831 365 3882 senatus
383 3829 416 3881 11.
435 3827 545 3882 Atilium
563 3832 590 3881 et
607 3825 648 3882 Μ’.
667 3828 781 3884 Acilium
802 3830 905 3897 legatos
924 3830 958 3883 ad
974 3829 1062 3882 Ptole-

138 3916 243 3952 maeum
262 3899 477 3967 Cleopatramque
496 3901 546 3962 (rol
562 3898 702 3962 Arsinoen)
720 3915 796 3968 reges
815 3901 922 3953 mittunt
940 3900 973 3952 ad
991 3914 1060 3954 oom-

138 3969 334 4024 memorandam
351 3971 577 4040 renovandamque
595 3971 737 4025 amicitiam
832 4012 835 4021 .
1091 3972 1145 4026 210

105 4039 236 4095 Arsinoen
253 4055 370 4123 sororem
388 4041 548 4111 eandemque
566 4057 673 4095 uxorem
692 4057 767 4094 suam
785 4041 862 4105 tollit,
884 4038 1061 4109 Agathocleae

140 4127 225 4165 amon
243 4126 370 4164 serviens.
1084 4154 1087 4161 ,

106 4180 266 4251 Philopatori
282 4184 385 4234 mortuo
404 4181 522 4234 succedit
538 4181 796 4250 filiusqninquennis
808 4182 1061 4249 PtclVEpiphcaes
1091 4181 1143 4236 265
1182 4181 1262 4235 1434

106 4251 218 4305 Tutores
236 4254 316 4306 habet
334 4251 458 4320 deinceps
476 4250 659 4320 Agathoclem,
678 4253 866 4322 Tlepolemum,
881 4253 1059 4322 displicentes

138 4322 334 4386 Alexandrinis,
352 4321 545 4377 Aristomenem
559 4322 731 4378 Acarnanam.
759 4326 817 4378 Rex
831 4323 864 4377 ll
883 4325 976 4381 5515115
992 4337 1061 4376 anno

138 4395 253 4464 blemphi
270 4396 411 4447 coronatur
916 4413 919 4418 ·
1092 4392 1142 4446 196
