<?xml version="1.0" encoding="UTF-8"?>
<!DOCTYPE html PUBLIC "-//W3C//DTD XHTML 1.0 Transitional//EN"
    "http://www.w3.org/TR/xhtml1/DTD/xhtml1-transitional.dtd">
<html xmlns="http://www.w3.org/1999/xhtml" xml:lang="en" lang="en">
 <head>
  <title>
</title>
<meta http-equiv="Content-Type" content="text/html;charset=utf-8" />
  <meta name='ocr-system' content='tesseract 3.04.00' />
  <meta name='ocr-capabilities' content='ocr_page ocr_carea ocr_par ocr_line ocrx_word'/>
</head>
<body>
  <div class='ocr_page' id='page_1' title='image "annalesveterumr01zumpgoog_0082.png"; bbox 0 0 3012 5062; ppageno 0'>
   <div class='ocr_carea' id='block_1_1' title="bbox 661 448 1285 551">
    <p class='ocr_par' dir='ltr' id='par_1_1' title="bbox 661 448 1285 551">
     <span class='ocr_line' id='line_1_1' title="bbox 661 448 1285 551; baseline 0.003 -18"><span class='ocrx_word' id='word_1_1' title='bbox 661 484 755 534; x_wconf 65' lang='lat' dir='ltr'>sarna</span> <span class='ocrx_word' id='word_1_2' title='bbox 1125 448 1130 457; x_wconf 16' lang='grc' dir='ltr'><strong>Χ</strong></span> <span class='ocrx_word' id='word_1_3' title='bbox 1249 495 1285 551; x_wconf 66' lang='lat'>53</span> 
     </span>
    </p>
   </div>
   <div class='ocr_carea' id='block_1_2' title="bbox 120 667 1283 781">
    <p class='ocr_par' dir='ltr' id='par_1_2' title="bbox 120 667 1283 781">
     <span class='ocr_line' id='line_1_2' title="bbox 120 667 1283 781; baseline 0.012 -22"><span class='ocrx_word' id='word_1_4' title='bbox 120 708 183 777; x_wconf 91' lang='lat' dir='ltr'>lpse</span> <span class='ocrx_word' id='word_1_5' title='bbox 204 673 379 779; x_wconf 79' lang='lat' dir='ltr'>Agathocles,</span> <span class='ocrx_word' id='word_1_6' title='bbox 403 716 436 767; x_wconf 90' lang='lat' dir='ltr'>ad</span> <span class='ocrx_word' id='word_1_7' title='bbox 455 710 605 769; x_wconf 77' lang='lat' dir='ltr'>solvendam</span> <span class='ocrx_word' id='word_1_8' title='bbox 628 716 700 768; x_wconf 91' lang='lat' dir='ltr'>urhis</span> <span class='ocrx_word' id='word_1_9' title='bbox 725 715 899 781; x_wconf 90' lang='lat' dir='ltr'>obsidionem,</span> <span class='ocrx_word' id='word_1_10' title='bbox 914 719 950 781; x_wconf 51' lang='lat' dir='ltr'>,in</span> <span class='ocrx_word' id='word_1_11' title='bbox 968 667 1168 773; x_wconf 56' lang='lat' dir='ltr'>mama-cnr.</span> <span class='ocrx_word' id='word_1_12' title='bbox 1196 670 1283 721; x_wconf 38' lang='lat' dir='ltr'>mm·</span> 
     </span>
    </p>
   </div>
   <div class='ocr_carea' id='block_1_3' title="bbox 91 782 1282 4455">
    <p class='ocr_par' dir='ltr' id='par_1_3' title="bbox 119 782 1282 1053">
     <span class='ocr_line' id='line_1_3' title="bbox 157 782 1282 850; baseline 0.014 -17"><span class='ocrx_word' id='word_1_13' title='bbox 157 782 259 834; x_wconf 90' lang='lat' dir='ltr'>traiicit</span> <span class='ocrx_word' id='word_1_14' title='bbox 1111 794 1165 848; x_wconf 85' lang='grc'>310</span> <span class='ocrx_word' id='word_1_15' title='bbox 1201 796 1282 850; x_wconf 86' lang='grc'><strong>1173</strong></span> 
     </span>
     <span class='ocr_line' id='line_1_4' title="bbox 119 852 1179 925; baseline 0.008 -21"><span class='ocrx_word' id='word_1_16' title='bbox 119 852 216 905; x_wconf 79' lang='lat' dir='ltr'><strong>Victor</strong></span> <span class='ocrx_word' id='word_1_17' title='bbox 235 853 336 922; x_wconf 91' lang='lat' dir='ltr'>aliquot</span> <span class='ocrx_word' id='word_1_18' title='bbox 352 857 449 924; x_wconf 80' lang='lat' dir='ltr'><strong>pugnis</strong></span> <span class='ocrx_word' id='word_1_19' title='bbox 469 856 611 923; x_wconf 78' lang='lat' dir='ltr'>Ophellam,</span> <span class='ocrx_word' id='word_1_20' title='bbox 631 855 808 924; x_wconf 81' lang='lat' dir='ltr'>Cyrenaeum,</span> <span class='ocrx_word' id='word_1_21' title='bbox 831 856 865 909; x_wconf 91' lang='lat' dir='ltr'>ad</span> <span class='ocrx_word' id='word_1_22' title='bbox 883 873 956 925; x_wconf 91' lang='lat' dir='ltr'>spem</span> <span class='ocrx_word' id='word_1_23' title='bbox 976 858 1083 912; x_wconf 86' lang='lat' dir='ltr'>Cartha·</span> <span class='ocrx_word' id='word_1_24' title='bbox 1176 885 1179 889; x_wconf 94' lang='lat'>·</span> 
     </span>
     <span class='ocr_line' id='line_1_5' title="bbox 121 917 1275 1053; baseline 0.005 -6"><span class='ocrx_word' id='word_1_25' title='bbox 121 924 1074 1053; x_wconf 67' lang='grc'>811111111111111111111111,</span> <span class='ocrx_word' id='word_1_26' title='bbox 1111 934 1164 988; x_wconf 73' lang='lat'>³⁰⁸</span> <span class='ocrx_word' id='word_1_27' title='bbox 1271 917 1275 927; x_wconf 82' lang='grc'>’</span> 
     </span>
    </p>

    <p class='ocr_par' dir='ltr' id='par_1_4' title="bbox 157 1016 1081 1137">
     <span class='ocr_line' id='line_1_6' title="bbox 157 1016 1081 1137; baseline 0.006 -20"><span class='ocrx_word' id='word_1_28' title='bbox 157 1066 231 1132; x_wconf 92' lang='lat' dir='ltr'>ipse,</span> <span class='ocrx_word' id='word_1_29' title='bbox 255 1067 282 1118; x_wconf 89' lang='lat' dir='ltr'>in</span> <span class='ocrx_word' id='word_1_30' title='bbox 300 1067 416 1119; x_wconf 77' lang='lat' dir='ltr'>Africam</span> <span class='ocrx_word' id='word_1_31' title='bbox 434 1069 528 1120; x_wconf 82' lang='grc'><strong>1111111</strong></span> <span class='ocrx_word' id='word_1_32' title='bbox 545 1037 741 1137; x_wconf 73' lang='lat' dir='ltr'>transgressus,</span> <span class='ocrx_word' id='word_1_33' title='bbox 763 1069 870 1137; x_wconf 83' lang='lat' dir='ltr'>fugatur</span> <span class='ocrx_word' id='word_1_34' title='bbox 892 1085 922 1121; x_wconf 89' lang='lat' dir='ltr'>ac</span> <span class='ocrx_word' id='word_1_35' title='bbox 946 1016 1012 1123; x_wconf 37' lang='lat' dir='ltr'>elegi?</span> <span class='ocrx_word' id='word_1_36' title='bbox 1036 1040 1081 1124; x_wconf 66' lang='lat' dir='ltr'>au3</span> 
     </span>
    </p>

    <p class='ocr_par' dir='ltr' id='par_1_5' title="bbox 157 1135 1082 1207">
     <span class='ocr_line' id='line_1_7' title="bbox 157 1135 1082 1207; baseline 0.006 -20"><span class='ocrx_word' id='word_1_37' title='bbox 157 1135 236 1203; x_wconf 83' lang='lat' dir='ltr'>fugit.</span> <span class='ocrx_word' id='word_1_38' title='bbox 277 1137 374 1190; x_wconf 87' lang='lat' dir='ltr'>Milites</span> <span class='ocrx_word' id='word_1_39' title='bbox 397 1139 482 1191; x_wconf 80' lang='lat' dir='ltr'>relicti</span> <span class='ocrx_word' id='word_1_40' title='bbox 501 1140 558 1191; x_wconf 90' lang='lat' dir='ltr'>eius</span> <span class='ocrx_word' id='word_1_41' title='bbox 576 1138 645 1191; x_wconf 86' lang='lat' dir='ltr'>filios</span> <span class='ocrx_word' id='word_1_42' title='bbox 663 1139 796 1191; x_wconf 88' lang='lat' dir='ltr'>trucidant</span> <span class='ocrx_word' id='word_1_43' title='bbox 813 1154 957 1207; x_wconf 89' lang='lat' dir='ltr'>pacemque</span> <span class='ocrx_word' id='word_1_44' title='bbox 975 1156 1023 1193; x_wconf 89' lang='lat' dir='ltr'>suo</span> <span class='ocrx_word' id='word_1_45' title='bbox 1042 1158 1082 1193; x_wconf 85' lang='lat' dir='ltr'>ar·</span> 
     </span>
    </p>

    <p class='ocr_par' dir='ltr' id='par_1_6' title="bbox 120 1207 1281 1357">
     <span class='ocr_line' id='line_1_8' title="bbox 156 1207 1281 1277; baseline 0.01 -17"><span class='ocrx_word' id='word_1_46' title='bbox 156 1208 237 1260; x_wconf 86' lang='lat' dir='ltr'>bitrio</span> <span class='ocrx_word' id='word_1_47' title='bbox 256 1222 315 1258; x_wconf 88' lang='lat' dir='ltr'>cum</span> <span class='ocrx_word' id='word_1_48' title='bbox 335 1207 422 1261; x_wconf 85' lang='lat' dir='ltr'>Oarth.</span> <span class='ocrx_word' id='word_1_49' title='bbox 441 1212 600 1277; x_wconf 89' lang='lat' dir='ltr'>componunt</span> <span class='ocrx_word' id='word_1_50' title='bbox 1111 1217 1164 1271; x_wconf 78' lang='lat'>307</span> <span class='ocrx_word' id='word_1_51' title='bbox 1202 1217 1281 1271; x_wconf 91' lang='grc'><strong>1182</strong></span> 
     </span>
     <span class='ocr_line' id='line_1_9' title="bbox 120 1278 1081 1357; baseline 0.004 -26"><span class='ocrx_word' id='word_1_52' title='bbox 120 1278 285 1347; x_wconf 82' lang='lat' dir='ltr'>Agathocles</span> <span class='ocrx_word' id='word_1_53' title='bbox 304 1279 332 1330; x_wconf 92' lang='lat' dir='ltr'>in</span> <span class='ocrx_word' id='word_1_54' title='bbox 345 1278 437 1332; x_wconf 78' lang='lat' dir='ltr'>Sicilia</span> <span class='ocrx_word' id='word_1_55' title='bbox 448 1281 651 1348; x_wconf 74' lang='lat' dir='ltr'>intemperanter</span> <span class='ocrx_word' id='word_1_56' title='bbox 662 1281 781 1348; x_wconf 89' lang='lat' dir='ltr'>potentia</span> <span class='ocrx_word' id='word_1_57' title='bbox 793 1282 908 1334; x_wconf 88' lang='lat' dir='ltr'>abutitur</span> <span class='ocrx_word' id='word_1_58' title='bbox 920 1297 1081 1357; x_wconf 79' lang='lat' dir='ltr'>regnumque</span> 
     </span>
    </p>

    <p class='ocr_par' dir='ltr' id='par_1_7' title="bbox 121 1349 1165 1489">
     <span class='ocr_line' id='line_1_10' title="bbox 157 1349 1165 1419; baseline 0.003 -18"><span class='ocrx_word' id='word_1_59' title='bbox 157 1349 256 1401; x_wconf 85' lang='lat' dir='ltr'>civium</span> <span class='ocrx_word' id='word_1_60' title='bbox 275 1349 494 1419; x_wconf 86' lang='lat' dir='ltr'>caedibus-atque</span> <span class='ocrx_word' id='word_1_61' title='bbox 513 1351 600 1403; x_wconf 85' lang='lat' dir='ltr'>exiliis</span> <span class='ocrx_word' id='word_1_62' title='bbox 620 1350 756 1403; x_wconf 83' lang='lat' dir='ltr'>coufirmat</span> <span class='ocrx_word' id='word_1_63' title='bbox 1111 1357 1165 1412; x_wconf 80' lang='lat'>305</span> 
     </span>
     <span class='ocr_line' id='line_1_11' title="bbox 121 1419 1082 1489; baseline 0.004 -17"><span class='ocrx_word' id='word_1_64' title='bbox 121 1419 218 1472; x_wconf 84' lang='lat' dir='ltr'>Animo</span> <span class='ocrx_word' id='word_1_65' title='bbox 239 1419 271 1470; x_wconf 91' lang='lat' dir='ltr'>ad</span> <span class='ocrx_word' id='word_1_66' title='bbox 289 1435 332 1474; x_wconf 91' lang='lat' dir='ltr'>res</span> <span class='ocrx_word' id='word_1_67' title='bbox 345 1420 451 1474; x_wconf 87' lang='lat' dir='ltr'>Italicas</span> <span class='ocrx_word' id='word_1_68' title='bbox 464 1421 582 1485; x_wconf 85' lang='lat' dir='ltr'>adverso,</span> <span class='ocrx_word' id='word_1_69' title='bbox 602 1421 715 1475; x_wconf 78' lang='lat' dir='ltr'>Crotone</span> <span class='ocrx_word' id='word_1_70' title='bbox 726 1423 833 1489; x_wconf 91' lang='lat' dir='ltr'>potitur,</span> <span class='ocrx_word' id='word_1_71' title='bbox 852 1422 992 1475; x_wconf 89' lang='lat' dir='ltr'>bellacum</span> <span class='ocrx_word' id='word_1_72' title='bbox 1004 1424 1082 1476; x_wconf 89' lang='lat' dir='ltr'>Brut·</span> 
     </span>
    </p>

    <p class='ocr_par' dir='ltr' id='par_1_8' title="bbox 123 1491 1281 1631">
     <span class='ocr_line' id='line_1_12' title="bbox 157 1491 1281 1559; baseline -0.004 0"><span class='ocrx_word' id='word_1_73' title='bbox 157 1491 203 1542; x_wconf 79' lang='lat' dir='ltr'>aa</span> <span class='ocrx_word' id='word_1_74' title='bbox 222 1492 292 1559; x_wconf 68' lang='lat' dir='ltr'>serit</span> <span class='ocrx_word' id='word_1_75' title='bbox 948 1551 949 1554; x_wconf 33' lang='grc'><strong>,</strong></span> <span class='ocrx_word' id='word_1_76' title='bbox 1111 1500 1164 1553; x_wconf 84' lang='grc'>111</span> <span class='ocrx_word' id='word_1_77' title='bbox 1202 1501 1281 1555; x_wconf 83' lang='grc'><strong>1111</strong></span> 
     </span>
     <span class='ocr_line' id='line_1_13' title="bbox 123 1560 1259 1631; baseline 0.004 -19"><span class='ocrx_word' id='word_1_78' title='bbox 123 1561 232 1613; x_wconf 77' lang='lat' dir='ltr'>Veneno</span> <span class='ocrx_word' id='word_1_79' title='bbox 252 1560 406 1613; x_wconf 90' lang='lat' dir='ltr'>aMaenone</span> <span class='ocrx_word' id='word_1_80' title='bbox 425 1562 570 1629; x_wconf 86' lang='lat' dir='ltr'>Segestano</span> <span class='ocrx_word' id='word_1_81' title='bbox 589 1563 753 1626; x_wconf 83' lang='lat' dir='ltr'>interimitur,</span> <span class='ocrx_word' id='word_1_82' title='bbox 772 1566 799 1615; x_wconf 93' lang='lat' dir='ltr'>et</span> <span class='ocrx_word' id='word_1_83' title='bbox 815 1566 944 1615; x_wconf 88' lang='lat' dir='ltr'>crematur</span> <span class='ocrx_word' id='word_1_84' title='bbox 961 1564 1081 1631; x_wconf 84' lang='lat' dir='ltr'>spiritum</span> <span class='ocrx_word' id='word_1_85' title='bbox 1256 1605 1259 1609; x_wconf 31' lang='lat' dir='ltr'><em>f</em></span> 
     </span>
    </p>

    <p class='ocr_par' dir='ltr' id='par_1_9' title="bbox 125 1631 1281 1772">
     <span class='ocr_line' id='line_1_14' title="bbox 162 1631 1281 1701; baseline 0.003 -19"><span class='ocrx_word' id='word_1_86' title='bbox 162 1631 718 1701; x_wconf 71' lang='grc'><strong>111111,11111111281111111111111</strong></span> <span class='ocrx_word' id='word_1_87' title='bbox 869 1631 872 1637; x_wconf 78' lang='grc'>’</span> <span class='ocrx_word' id='word_1_88' title='bbox 1110 1640 1163 1694; x_wconf 76' lang='lat'>289</span> <span class='ocrx_word' id='word_1_89' title='bbox 1202 1641 1281 1695; x_wconf 76' lang='lat'>1224</span> 
     </span>
     <span class='ocr_line' id='line_1_15' title="bbox 125 1701 1081 1772; baseline 0.004 -19"><span class='ocrx_word' id='word_1_90' title='bbox 125 1702 235 1754; x_wconf 86' lang='lat' dir='ltr'>Maenon</span> <span class='ocrx_word' id='word_1_91' title='bbox 248 1719 264 1753; x_wconf 92' lang='lat' dir='ltr'>a</span> <span class='ocrx_word' id='word_1_92' title='bbox 276 1701 365 1755; x_wconf 76' lang='lat' dir='ltr'>Carth.</span> <span class='ocrx_word' id='word_1_93' title='bbox 384 1703 496 1767; x_wconf 87' lang='lat' dir='ltr'>adiutus,</span> <span class='ocrx_word' id='word_1_94' title='bbox 515 1704 619 1757; x_wconf 82' lang='lat' dir='ltr'>sublata</span> <span class='ocrx_word' id='word_1_95' title='bbox 635 1704 709 1772; x_wconf 86' lang='lat' dir='ltr'>regia</span> <span class='ocrx_word' id='word_1_96' title='bbox 727 1703 812 1767; x_wconf 88' lang='lat' dir='ltr'>domo,</span> <span class='ocrx_word' id='word_1_97' title='bbox 831 1706 958 1771; x_wconf 82' lang='lat' dir='ltr'>tyrannm</span> <span class='ocrx_word' id='word_1_98' title='bbox 976 1704 1014 1768; x_wconf 86' lang='lat' dir='ltr'>fit,</span> <span class='ocrx_word' id='word_1_99' title='bbox 1033 1706 1081 1757; x_wconf 90' lang='lat' dir='ltr'>sed</span> 
     </span>
    </p>

    <p class='ocr_par' dir='ltr' id='par_1_10' title="bbox 158 1773 517 1842">
     <span class='ocr_line' id='line_1_16' title="bbox 158 1773 517 1842; baseline 0.006 -18"><span class='ocrx_word' id='word_1_100' title='bbox 158 1773 192 1825; x_wconf 91' lang='lat' dir='ltr'>ab</span> <span class='ocrx_word' id='word_1_101' title='bbox 210 1773 306 1825; x_wconf 82' lang='lat' dir='ltr'>Hiceta</span> <span class='ocrx_word' id='word_1_102' title='bbox 324 1774 423 1825; x_wconf 87' lang='lat' dir='ltr'>eiectus</span> <span class='ocrx_word' id='word_1_103' title='bbox 441 1775 517 1842; x_wconf 89' lang='lat' dir='ltr'>perit.</span> 
     </span>
    </p>

    <p class='ocr_par' dir='ltr' id='par_1_11' title="bbox 123 1843 1079 1912">
     <span class='ocr_line' id='line_1_17' title="bbox 123 1843 1079 1912; baseline 0.003 -18"><span class='ocrx_word' id='word_1_104' title='bbox 123 1843 279 1908; x_wconf 80' lang='lat' dir='ltr'>Mamertini,</span> <span class='ocrx_word' id='word_1_105' title='bbox 298 1859 396 1911; x_wconf 84' lang='lat' dir='ltr'>genere</span> <span class='ocrx_word' id='word_1_106' title='bbox 413 1843 539 1912; x_wconf 76' lang='lat' dir='ltr'>Campani</span> <span class='ocrx_word' id='word_1_107' title='bbox 557 1847 583 1895; x_wconf 94' lang='lat' dir='ltr'>et</span> <span class='ocrx_word' id='word_1_108' title='bbox 601 1844 755 1896; x_wconf 79' lang='lat' dir='ltr'>mercenarii</span> <span class='ocrx_word' id='word_1_109' title='bbox 773 1843 843 1911; x_wconf 90' lang='lat' dir='ltr'>apud</span> <span class='ocrx_word' id='word_1_110' title='bbox 860 1843 954 1911; x_wconf 81' lang='lat' dir='ltr'>Agath.</span> <span class='ocrx_word' id='word_1_111' title='bbox 974 1844 1079 1908; x_wconf 84' lang='lat' dir='ltr'>milites,</span> 
     </span>
    </p>

    <p class='ocr_par' dir='ltr' id='par_1_12' title="bbox 157 1913 1080 1983">
     <span class='ocr_line' id='line_1_18' title="bbox 157 1913 1080 1983; baseline 0.002 -17"><span class='ocrx_word' id='word_1_112' title='bbox 157 1918 221 1982; x_wconf 93' lang='lat' dir='ltr'>post</span> <span class='ocrx_word' id='word_1_113' title='bbox 239 1915 295 1967; x_wconf 90' lang='lat' dir='ltr'>eius</span> <span class='ocrx_word' id='word_1_114' title='bbox 314 1917 424 1967; x_wconf 90' lang='lat' dir='ltr'>mortem</span> <span class='ocrx_word' id='word_1_115' title='bbox 440 1916 468 1966; x_wconf 90' lang='lat' dir='ltr'>in</span> <span class='ocrx_word' id='word_1_116' title='bbox 490 1916 601 1983; x_wconf 85' lang='lat' dir='ltr'>petriam</span> <span class='ocrx_word' id='word_1_117' title='bbox 618 1913 773 1979; x_wconf 89' lang='lat' dir='ltr'>redeuntes,</span> <span class='ocrx_word' id='word_1_118' title='bbox 797 1914 918 1967; x_wconf 82' lang='lat' dir='ltr'>Messana</span> <span class='ocrx_word' id='word_1_119' title='bbox 935 1915 1013 1979; x_wconf 89' lang='lat' dir='ltr'>urbe,</span> <span class='ocrx_word' id='word_1_120' title='bbox 1036 1930 1080 1968; x_wconf 89' lang='lat' dir='ltr'>oc-</span> 
     </span>
    </p>

    <p class='ocr_par' dir='ltr' id='par_1_13' title="bbox 120 1986 1280 2123">
     <span class='ocr_line' id='line_1_19' title="bbox 158 1986 1280 2054; baseline 0.007 -17"><span class='ocrx_word' id='word_1_121' title='bbox 158 1986 223 2037; x_wconf 88' lang='lat' dir='ltr'>cisis</span> <span class='ocrx_word' id='word_1_122' title='bbox 242 1986 352 2049; x_wconf 85' lang='lat' dir='ltr'>civibus,</span> <span class='ocrx_word' id='word_1_123' title='bbox 372 1986 505 2054; x_wconf 89' lang='lat' dir='ltr'>potiuntur</span> <span class='ocrx_word' id='word_1_124' title='bbox 1109 1990 1158 2044; x_wconf 90' lang='grc'>281</span> <span class='ocrx_word' id='word_1_125' title='bbox 1200 1992 1280 2045; x_wconf 84' lang='grc'><strong>1244</strong></span> 
     </span>
     <span class='ocr_line' id='line_1_20' title="bbox 120 2055 1231 2123; baseline 0.003 -17"><span class='ocrx_word' id='word_1_126' title='bbox 120 2055 219 2107; x_wconf 85' lang='lat' dir='ltr'>Hiceta</span> <span class='ocrx_word' id='word_1_127' title='bbox 237 2055 303 2107; x_wconf 86' lang='lat' dir='ltr'>forte</span> <span class='ocrx_word' id='word_1_128' title='bbox 321 2057 437 2120; x_wconf 78' lang='lat' dir='ltr'>absente,</span> <span class='ocrx_word' id='word_1_129' title='bbox 457 2056 597 2123; x_wconf 75' lang='lat' dir='ltr'>Syracusis</span> <span class='ocrx_word' id='word_1_130' title='bbox 610 2055 736 2107; x_wconf 76' lang='lat' dir='ltr'>adversus</span> <span class='ocrx_word' id='word_1_131' title='bbox 755 2070 814 2106; x_wconf 91' lang='lat' dir='ltr'>eum</span> <span class='ocrx_word' id='word_1_132' title='bbox 827 2055 943 2107; x_wconf 82' lang='lat' dir='ltr'>existunt</span> <span class='ocrx_word' id='word_1_133' title='bbox 956 2056 1079 2123; x_wconf 77' lang='lat' dir='ltr'>Thynian</span> <span class='ocrx_word' id='word_1_134' title='bbox 1228 2069 1231 2075; x_wconf 86' lang='lat'>·</span> 
     </span>
    </p>

    <p class='ocr_par' dir='ltr' id='par_1_14' title="bbox 158 2125 1078 2193">
     <span class='ocr_line' id='line_1_21' title="bbox 158 2125 1078 2193; baseline 0.002 -16"><span class='ocrx_word' id='word_1_135' title='bbox 158 2129 186 2177; x_wconf 94' lang='lat' dir='ltr'>et</span> <span class='ocrx_word' id='word_1_136' title='bbox 206 2126 378 2190; x_wconf 82' lang='lat' dir='ltr'>Sosistratus,</span> <span class='ocrx_word' id='word_1_137' title='bbox 402 2143 461 2179; x_wconf 90' lang='lat' dir='ltr'>cum</span> <span class='ocrx_word' id='word_1_138' title='bbox 483 2126 575 2179; x_wconf 88' lang='lat' dir='ltr'>eodem</span> <span class='ocrx_word' id='word_1_139' title='bbox 592 2129 709 2193; x_wconf 85' lang='lat' dir='ltr'>tempore</span> <span class='ocrx_word' id='word_1_140' title='bbox 729 2125 984 2193; x_wconf 76' lang='lat' dir='ltr'>Carthaginiensium</span> <span class='ocrx_word' id='word_1_141' title='bbox 1008 2127 1078 2179; x_wconf 90' lang='lat' dir='ltr'>hello</span> 
     </span>
    </p>

    <p class='ocr_par' dir='ltr' id='par_1_15' title="bbox 157 2196 375 2265">
     <span class='ocr_line' id='line_1_22' title="bbox 157 2196 375 2265; baseline 0.009 -18"><span class='ocrx_word' id='word_1_142' title='bbox 157 2196 223 2249; x_wconf 82' lang='lat' dir='ltr'>ioris</span> <span class='ocrx_word' id='word_1_143' title='bbox 242 2200 375 2265; x_wconf 81' lang='lat' dir='ltr'>urgentur.</span> 
     </span>
    </p>

    <p class='ocr_par' dir='ltr' id='par_1_16' title="bbox 119 2265 1078 2335">
     <span class='ocr_line' id='line_1_23' title="bbox 119 2265 1078 2335; baseline 0.001 -17"><span class='ocrx_word' id='word_1_144' title='bbox 119 2267 222 2319; x_wconf 88' lang='lat' dir='ltr'>Herum</span> <span class='ocrx_word' id='word_1_145' title='bbox 242 2268 374 2319; x_wconf 88' lang='lat' dir='ltr'>turbarum</span> <span class='ocrx_word' id='word_1_146' title='bbox 398 2282 478 2320; x_wconf 87' lang='lat' dir='ltr'>causa</span> <span class='ocrx_word' id='word_1_147' title='bbox 496 2268 620 2335; x_wconf 67' lang='lat' dir='ltr'>Pyrrhae,</span> <span class='ocrx_word' id='word_1_148' title='bbox 644 2282 691 2318; x_wconf 85' lang='lat' dir='ltr'>rex</span> <span class='ocrx_word' id='word_1_149' title='bbox 708 2266 794 2334; x_wconf 84' lang='lat' dir='ltr'>Epiri,</span> <span class='ocrx_word' id='word_1_150' title='bbox 817 2265 970 2335; x_wconf 76' lang='lat' dir='ltr'>Agathoclis</span> <span class='ocrx_word' id='word_1_151' title='bbox 990 2283 1078 2335; x_wconf 90' lang='lat' dir='ltr'>gener,</span> 
     </span>
    </p>

    <p class='ocr_par' dir='ltr' id='par_1_17' title="bbox 139 2336 1078 2405">
     <span class='ocr_line' id='line_1_24' title="bbox 139 2336 1078 2405; baseline 0.004 -18"><span class='ocrx_word' id='word_1_152' title='bbox 139 2354 194 2389; x_wconf 75' lang='grc'>,11</span> <span class='ocrx_word' id='word_1_153' title='bbox 212 2336 295 2401; x_wconf 91' lang='lat' dir='ltr'>ltalia,</span> <span class='ocrx_word' id='word_1_154' title='bbox 320 2339 364 2390; x_wconf 90' lang='lat' dir='ltr'>ubi</span> <span class='ocrx_word' id='word_1_155' title='bbox 385 2341 441 2389; x_wconf 89' lang='lat' dir='ltr'>tum</span> <span class='ocrx_word' id='word_1_156' title='bbox 459 2339 571 2391; x_wconf 83' lang='lat' dir='ltr'>maxime</span> <span class='ocrx_word' id='word_1_157' title='bbox 589 2338 686 2390; x_wconf 90' lang='lat' dir='ltr'>bellum</span> <span class='ocrx_word' id='word_1_158' title='bbox 705 2340 795 2389; x_wconf 89' lang='lat' dir='ltr'>contra</span> <span class='ocrx_word' id='word_1_159' title='bbox 813 2337 944 2390; x_wconf 84' lang='lat' dir='ltr'>Romanos</span> <span class='ocrx_word' id='word_1_160' title='bbox 963 2339 1078 2405; x_wconf 78' lang='lat' dir='ltr'>gerebat,</span> 
     </span>
    </p>

    <p class='ocr_par' dir='ltr' id='par_1_18' title="bbox 122 2401 1279 2546">
     <span class='ocr_line' id='line_1_25' title="bbox 158 2401 1279 2475; baseline -0.004 -16"><span class='ocrx_word' id='word_1_161' title='bbox 158 2409 302 2460; x_wconf 88' lang='lat' dir='ltr'>arcessitur</span> <span class='ocrx_word' id='word_1_162' title='bbox 758 2420 764 2458; x_wconf 87' lang='grc'><em>;</em></span> <span class='ocrx_word' id='word_1_163' title='bbox 941 2406 943 2409; x_wconf 79' lang='grc'>’</span> <span class='ocrx_word' id='word_1_164' title='bbox 1091 2401 1160 2475; x_wconf 88' lang='grc'>1278</span> <span class='ocrx_word' id='word_1_165' title='bbox 1199 2402 1279 2455; x_wconf 88' lang='grc'><strong>1253</strong></span> 
     </span>
     <span class='ocr_line' id='line_1_26' title="bbox 122 2477 1078 2546; baseline 0.002 -17"><span class='ocrx_word' id='word_1_166' title='bbox 122 2478 175 2530; x_wconf 90' lang='lat' dir='ltr'>Hic</span> <span class='ocrx_word' id='word_1_167' title='bbox 195 2477 315 2531; x_wconf 87' lang='lat' dir='ltr'>celeriter</span> <span class='ocrx_word' id='word_1_168' title='bbox 327 2477 586 2546; x_wconf 77' lang='lat' dir='ltr'>Carthaginiensibus</span> <span class='ocrx_word' id='word_1_169' title='bbox 606 2477 693 2531; x_wconf 89' lang='lat' dir='ltr'>omnia</span> <span class='ocrx_word' id='word_1_170' title='bbox 710 2493 793 2545; x_wconf 93' lang='lat' dir='ltr'>usque</span> <span class='ocrx_word' id='word_1_171' title='bbox 812 2477 845 2529; x_wconf 92' lang='lat' dir='ltr'>ad</span> <span class='ocrx_word' id='word_1_172' title='bbox 856 2477 1010 2546; x_wconf 79' lang='lat' dir='ltr'>Lilybaeum</span> <span class='ocrx_word' id='word_1_173' title='bbox 1029 2479 1078 2531; x_wconf 92' lang='lat' dir='ltr'>eri·</span> 
     </span>
    </p>

    <p class='ocr_par' dir='ltr' id='par_1_19' title="bbox 158 2548 1078 2617">
     <span class='ocr_line' id='line_1_27' title="bbox 158 2548 1078 2617; baseline 0.002 -17"><span class='ocrx_word' id='word_1_174' title='bbox 158 2549 206 2616; x_wconf 91' lang='lat' dir='ltr'>pit,</span> <span class='ocrx_word' id='word_1_175' title='bbox 226 2548 273 2600; x_wconf 87' lang='lat' dir='ltr'>sed</span> <span class='ocrx_word' id='word_1_176' title='bbox 291 2549 351 2601; x_wconf 88' lang='lat' dir='ltr'>dum</span> <span class='ocrx_word' id='word_1_177' title='bbox 370 2549 478 2616; x_wconf 90' lang='lat' dir='ltr'>imperio</span> <span class='ocrx_word' id='word_1_178' title='bbox 497 2550 635 2617; x_wconf 90' lang='lat' dir='ltr'>superbius</span> <span class='ocrx_word' id='word_1_179' title='bbox 654 2549 777 2612; x_wconf 90' lang='lat' dir='ltr'>abutitur,</span> <span class='ocrx_word' id='word_1_180' title='bbox 796 2549 916 2601; x_wconf 78' lang='lat' dir='ltr'>civitates</span> <span class='ocrx_word' id='word_1_181' title='bbox 934 2550 1028 2617; x_wconf 92' lang='lat' dir='ltr'>purtim</span> <span class='ocrx_word' id='word_1_182' title='bbox 1045 2550 1078 2602; x_wconf 85' lang='lat' dir='ltr'>ad</span> 
     </span>
    </p>

    <p class='ocr_par' dir='ltr' id='par_1_20' title="bbox 158 2619 1077 2687">
     <span class='ocr_line' id='line_1_28' title="bbox 158 2619 1077 2687; baseline 0.002 -16"><span class='ocrx_word' id='word_1_183' title='bbox 158 2619 290 2686; x_wconf 79' lang='lat' dir='ltr'>Garthag,</span> <span class='ocrx_word' id='word_1_184' title='bbox 308 2620 403 2687; x_wconf 89' lang='lat' dir='ltr'>partim</span> <span class='ocrx_word' id='word_1_185' title='bbox 421 2619 454 2670; x_wconf 95' lang='lat' dir='ltr'>ad</span> <span class='ocrx_word' id='word_1_186' title='bbox 472 2620 639 2672; x_wconf 77' lang='lat' dir='ltr'>Mamertinos</span> <span class='ocrx_word' id='word_1_187' title='bbox 658 2619 790 2683; x_wconf 87' lang='lat' dir='ltr'>deliciunt,</span> <span class='ocrx_word' id='word_1_188' title='bbox 809 2633 860 2686; x_wconf 91' lang='lat' dir='ltr'>quo</span> <span class='ocrx_word' id='word_1_189' title='bbox 878 2619 947 2673; x_wconf 88' lang='lat' dir='ltr'>iacto</span> <span class='ocrx_word' id='word_1_190' title='bbox 960 2621 1077 2673; x_wconf 86' lang='lat' dir='ltr'>Siciliam</span> 
     </span>
    </p>

    <p class='ocr_par' dir='ltr' id='par_1_21' title="bbox 119 2687 1279 2969">
     <span class='ocr_line' id='line_1_29' title="bbox 157 2687 1277 2757; baseline 0 -16"><span class='ocrx_word' id='word_1_191' title='bbox 157 2689 305 2757; x_wconf 88' lang='lat' dir='ltr'>relinquere</span> <span class='ocrx_word' id='word_1_192' title='bbox 324 2691 427 2757; x_wconf 88' lang='lat' dir='ltr'>cogitur</span> <span class='ocrx_word' id='word_1_193' title='bbox 474 2720 479 2731; x_wconf 89' lang='lat'><strong>·</strong></span> <span class='ocrx_word' id='word_1_194' title='bbox 1108 2687 1160 2740; x_wconf 92' lang='grc'><strong>276</strong></span> <span class='ocrx_word' id='word_1_195' title='bbox 1200 2688 1277 2741; x_wconf 93' lang='grc'><strong>1261</strong></span> 
     </span>
     <span class='ocr_line' id='line_1_30' title="bbox 119 2757 1279 2827; baseline 0.001 -16"><span class='ocrx_word' id='word_1_196' title='bbox 119 2761 212 2825; x_wconf 70' lang='lat' dir='ltr'>Hiera</span> <span class='ocrx_word' id='word_1_197' title='bbox 232 2760 361 2812; x_wconf 89' lang='lat' dir='ltr'>Hieroclis</span> <span class='ocrx_word' id='word_1_198' title='bbox 379 2759 458 2823; x_wconf 87' lang='lat' dir='ltr'>tilius,</span> <span class='ocrx_word' id='word_1_199' title='bbox 476 2762 580 2827; x_wconf 92' lang='lat' dir='ltr'>praetor</span> <span class='ocrx_word' id='word_1_200' title='bbox 599 2760 739 2827; x_wconf 80' lang='lat' dir='ltr'>Syracusis</span> <span class='ocrx_word' id='word_1_201' title='bbox 758 2762 861 2812; x_wconf 87' lang='lat' dir='ltr'>creatur</span> <span class='ocrx_word' id='word_1_202' title='bbox 1109 2757 1161 2811; x_wconf 92' lang='grc'><strong>275</strong></span> <span class='ocrx_word' id='word_1_203' title='bbox 1200 2759 1279 2812; x_wconf 90' lang='grc'><strong>1262</strong></span> 
     </span>
     <span class='ocr_line' id='line_1_31' title="bbox 119 2828 1279 2898; baseline 0.001 -16"><span class='ocrx_word' id='word_1_204' title='bbox 119 2831 196 2883; x_wconf 89' lang='lat' dir='ltr'>Idem</span> <span class='ocrx_word' id='word_1_205' title='bbox 214 2831 291 2883; x_wconf 83' lang='lat' dir='ltr'>victis</span> <span class='ocrx_word' id='word_1_206' title='bbox 309 2831 477 2893; x_wconf 85' lang='lat' dir='ltr'>Mamertinis,</span> <span class='ocrx_word' id='word_1_207' title='bbox 497 2847 513 2881; x_wconf 90' lang='lat' dir='ltr'>a</span> <span class='ocrx_word' id='word_1_208' title='bbox 530 2831 613 2898; x_wconf 87' lang='lat' dir='ltr'>gratis</span> <span class='ocrx_word' id='word_1_209' title='bbox 632 2831 732 2882; x_wconf 79' lang='lat' dir='ltr'>civibus</span> <span class='ocrx_word' id='word_1_210' title='bbox 750 2845 798 2882; x_wconf 92' lang='grc'>111</span> <span class='ocrx_word' id='word_1_211' title='bbox 816 2830 944 2883; x_wconf 87' lang='lat' dir='ltr'>salutatur</span> <span class='ocrx_word' id='word_1_212' title='bbox 1052 2858 1055 2864; x_wconf 61' lang='lat'>&lt;</span> <span class='ocrx_word' id='word_1_213' title='bbox 1108 2828 1161 2881; x_wconf 89' lang='grc'><strong>270</strong></span> <span class='ocrx_word' id='word_1_214' title='bbox 1198 2829 1279 2883; x_wconf 84' lang='grc'><strong>1274</strong></span> 
     </span>
     <span class='ocr_line' id='line_1_32' title="bbox 119 2900 1078 2969; baseline -0.001 -16"><span class='ocrx_word' id='word_1_215' title='bbox 119 2901 269 2953; x_wconf 84' lang='lat' dir='ltr'>Mamertini</span> <span class='ocrx_word' id='word_1_216' title='bbox 287 2916 346 2953; x_wconf 90' lang='lat' dir='ltr'>eum</span> <span class='ocrx_word' id='word_1_217' title='bbox 365 2900 515 2969; x_wconf 83' lang='lat' dir='ltr'>aGarthag.</span> <span class='ocrx_word' id='word_1_218' title='bbox 528 2905 556 2953; x_wconf 90' lang='lat' dir='ltr'>et</span> <span class='ocrx_word' id='word_1_219' title='bbox 567 2901 681 2953; x_wconf 89' lang='lat' dir='ltr'>Hierone</span> <span class='ocrx_word' id='word_1_220' title='bbox 700 2900 881 2953; x_wconf 86' lang='lat' dir='ltr'>obsiderentur</span> <span class='ocrx_word' id='word_1_221' title='bbox 899 2916 929 2953; x_wconf 87' lang='lat' dir='ltr'>ac</span> <span class='ocrx_word' id='word_1_222' title='bbox 948 2900 991 2951; x_wconf 91' lang='lat' dir='ltr'>diu</span> <span class='ocrx_word' id='word_1_223' title='bbox 1009 2900 1078 2952; x_wconf 87' lang='lat' dir='ltr'>inter</span> 
     </span>
    </p>

    <p class='ocr_par' dir='ltr' id='par_1_22' title="bbox 91 2968 1275 3181">
     <span class='ocr_line' id='line_1_33' title="bbox 156 2968 1160 3039; baseline -0.002 -16"><span class='ocrx_word' id='word_1_224' title='bbox 156 2975 283 3039; x_wconf 90' lang='lat' dir='ltr'>utrosque</span> <span class='ocrx_word' id='word_1_225' title='bbox 294 2971 477 3036; x_wconf 88' lang='lat' dir='ltr'>haesitassent,</span> <span class='ocrx_word' id='word_1_226' title='bbox 496 2971 601 3024; x_wconf 88' lang='lat' dir='ltr'>tandem</span> <span class='ocrx_word' id='word_1_227' title='bbox 613 2972 788 3023; x_wconf 85' lang='lat' dir='ltr'>Romanorum</span> <span class='ocrx_word' id='word_1_228' title='bbox 800 2971 926 3022; x_wconf 84' lang='lat' dir='ltr'>auxilium</span> <span class='ocrx_word' id='word_1_229' title='bbox 937 2970 1077 3037; x_wconf 85' lang='lat' dir='ltr'>implorant</span> <span class='ocrx_word' id='word_1_230' title='bbox 1108 2968 1160 3021; x_wconf 92' lang='grc'><strong>264</strong></span> 
     </span>
     <span class='ocr_line' id='line_1_34' title="bbox 117 3039 1275 3110; baseline -0.002 -15"><span class='ocrx_word' id='word_1_231' title='bbox 117 3042 232 3110; x_wconf 82' lang='lat' dir='ltr'>Appius,</span> <span class='ocrx_word' id='word_1_232' title='bbox 250 3057 303 3095; x_wconf 88' lang='lat' dir='ltr'>cos.</span> <span class='ocrx_word' id='word_1_233' title='bbox 322 3042 406 3106; x_wconf 73' lang='lat' dir='ltr'>Rom,</span> <span class='ocrx_word' id='word_1_234' title='bbox 423 3043 563 3094; x_wconf 87' lang='lat' dir='ltr'>Hieronem</span> <span class='ocrx_word' id='word_1_235' title='bbox 581 3057 679 3110; x_wconf 84' lang='lat' dir='ltr'>regem,</span> <span class='ocrx_word' id='word_1_236' title='bbox 701 3057 763 3094; x_wconf 84' lang='lat' dir='ltr'>mox</span> <span class='ocrx_word' id='word_1_237' title='bbox 781 3041 903 3108; x_wconf 78' lang='lat' dir='ltr'>Carthag.</span> <span class='ocrx_word' id='word_1_238' title='bbox 922 3041 1005 3092; x_wconf 83' lang='lat' dir='ltr'>uincit</span> <span class='ocrx_word' id='word_1_239' title='bbox 1105 3039 1158 3091; x_wconf 89' lang='grc'><strong>264</strong></span> <span class='ocrx_word' id='word_1_240' title='bbox 1195 3039 1275 3093; x_wconf 84' lang='grc'><strong>1291</strong></span> 
     </span>
     <span class='ocr_line' id='line_1_35' title="bbox 91 3109 1160 3181; baseline -0.004 -15"><span class='ocrx_word' id='word_1_241' title='bbox 91 3156 94 3160; x_wconf 59' lang='grc'><strong>,</strong></span> <span class='ocrx_word' id='word_1_242' title='bbox 119 3114 211 3177; x_wconf 83' lang='grc' dir='ltr'><strong>Η1111,</strong></span> <span class='ocrx_word' id='word_1_243' title='bbox 231 3117 349 3166; x_wconf 90' lang='lat' dir='ltr'>metuens</span> <span class='ocrx_word' id='word_1_244' title='bbox 368 3129 401 3165; x_wconf 90' lang='lat' dir='ltr'>ne</span> <span class='ocrx_word' id='word_1_245' title='bbox 419 3113 567 3181; x_wconf 84' lang='lat' dir='ltr'>Syracusae</span> <span class='ocrx_word' id='word_1_246' title='bbox 586 3115 806 3181; x_wconf 87' lang='lat' dir='ltr'>oppugnarentur,</span> <span class='ocrx_word' id='word_1_247' title='bbox 829 3124 920 3179; x_wconf 87' lang='lat' dir='ltr'>pacem</span> <span class='ocrx_word' id='word_1_248' title='bbox 939 3126 998 3163; x_wconf 91' lang='lat' dir='ltr'>cum</span> <span class='ocrx_word' id='word_1_249' title='bbox 1016 3125 1077 3179; x_wconf 90' lang='lat' dir='ltr'>pop.</span> <span class='ocrx_word' id='word_1_250' title='bbox 1108 3109 1160 3162; x_wconf 88' lang='grc'><strong>263</strong></span> 
     </span>
    </p>

    <p class='ocr_par' dir='ltr' id='par_1_23' title="bbox 156 3182 1077 3252">
     <span class='ocr_line' id='line_1_36' title="bbox 156 3182 1077 3252; baseline -0.001 -17"><span class='ocrx_word' id='word_1_251' title='bbox 156 3184 233 3235; x_wconf 87' lang='lat' dir='ltr'>Rom.</span> <span class='ocrx_word' id='word_1_252' title='bbox 251 3184 315 3236; x_wconf 87' lang='lat' dir='ltr'>facit</span> <span class='ocrx_word' id='word_1_253' title='bbox 332 3188 359 3236; x_wconf 89' lang='lat' dir='ltr'>et</span> <span class='ocrx_word' id='word_1_254' title='bbox 378 3199 411 3236; x_wconf 90' lang='grc'>11</span> <span class='ocrx_word' id='word_1_255' title='bbox 430 3200 461 3236; x_wconf 90' lang='grc'>11</span> <span class='ocrx_word' id='word_1_256' title='bbox 479 3186 596 3252; x_wconf 91' lang='lat' dir='ltr'>tempore</span> <span class='ocrx_word' id='word_1_257' title='bbox 620 3185 689 3236; x_wconf 90' lang='lat' dir='ltr'>inter</span> <span class='ocrx_word' id='word_1_258' title='bbox 706 3183 803 3235; x_wconf 86' lang='lat' dir='ltr'>bellum</span> <span class='ocrx_word' id='word_1_259' title='bbox 821 3182 947 3235; x_wconf 86' lang='lat' dir='ltr'>Punicum</span> <span class='ocrx_word' id='word_1_260' title='bbox 966 3183 1077 3250; x_wconf 92' lang='lat' dir='ltr'>primum</span> 
     </span>
    </p>

    <p class='ocr_par' dir='ltr' id='par_1_24' title="bbox 160 3253 1079 3317">
     <span class='ocr_line' id='line_1_37' title="bbox 160 3253 1079 3317; baseline 0 -11"><span class='ocrx_word' id='word_1_261' title='bbox 160 3256 189 3306; x_wconf 89' lang='grc'>11</span> <span class='ocrx_word' id='word_1_262' title='bbox 204 3255 281 3306; x_wconf 88' lang='lat' dir='ltr'>initia</span> <span class='ocrx_word' id='word_1_263' title='bbox 302 3254 410 3307; x_wconf 90' lang='lat' dir='ltr'>secundi</span> <span class='ocrx_word' id='word_1_264' title='bbox 432 3255 499 3307; x_wconf 89' lang='lat' dir='ltr'>hano</span> <span class='ocrx_word' id='word_1_265' title='bbox 523 3256 675 3308; x_wconf 88' lang='lat' dir='ltr'>societatem</span> <span class='ocrx_word' id='word_1_266' title='bbox 694 3269 753 3305; x_wconf 88' lang='lat' dir='ltr'>cum</span> <span class='ocrx_word' id='word_1_267' title='bbox 771 3253 822 3305; x_wconf 87' lang='lat' dir='ltr'>fide</span> <span class='ocrx_word' id='word_1_268' title='bbox 841 3253 944 3317; x_wconf 86' lang='lat' dir='ltr'>colens,</span> <span class='ocrx_word' id='word_1_269' title='bbox 966 3254 1033 3305; x_wconf 91' lang='lat' dir='ltr'>bene</span> <span class='ocrx_word' id='word_1_270' title='bbox 1052 3257 1079 3306; x_wconf 86' lang='lat' dir='ltr'>et</span> 
     </span>
    </p>

    <p class='ocr_par' dir='ltr' id='par_1_25' title="bbox 158 3326 389 3394">
     <span class='ocr_line' id='line_1_38' title="bbox 158 3326 389 3394; baseline 0 -17"><span class='ocrx_word' id='word_1_271' title='bbox 158 3326 272 3378; x_wconf 74' lang='lat' dir='ltr'>civiliter</span> <span class='ocrx_word' id='word_1_272' title='bbox 289 3329 389 3394; x_wconf 88' lang='lat' dir='ltr'>regnat.</span> 
     </span>
    </p>

    <p class='ocr_par' dir='ltr' id='par_1_26' title="bbox 119 3393 1077 3464">
     <span class='ocr_line' id='line_1_39' title="bbox 119 3393 1077 3464; baseline -0.004 -14"><span class='ocrx_word' id='word_1_273' title='bbox 119 3397 211 3450; x_wconf 88' lang='lat' dir='ltr'>Primo</span> <span class='ocrx_word' id='word_1_274' title='bbox 235 3395 303 3449; x_wconf 85' lang='lat' dir='ltr'>bello</span> <span class='ocrx_word' id='word_1_275' title='bbox 322 3397 422 3449; x_wconf 88' lang='lat' dir='ltr'>Punico</span> <span class='ocrx_word' id='word_1_276' title='bbox 439 3395 526 3460; x_wconf 87' lang='lat' dir='ltr'>finito,</span> <span class='ocrx_word' id='word_1_277' title='bbox 551 3395 780 3464; x_wconf 76' lang='lat' dir='ltr'>Carthaginienses</span> <span class='ocrx_word' id='word_1_278' title='bbox 800 3393 891 3447; x_wconf 88' lang='lat' dir='ltr'>Sicilia</span> <span class='ocrx_word' id='word_1_279' title='bbox 913 3395 983 3447; x_wconf 89' lang='lat' dir='ltr'>omni</span> <span class='ocrx_word' id='word_1_280' title='bbox 1002 3409 1077 3446; x_wconf 77' lang='grc'><strong>1111</strong></span> 
     </span>
    </p>

    <p class='ocr_par' dir='ltr' id='par_1_27' title="bbox 156 3463 1077 3535">
     <span class='ocr_line' id='line_1_40' title="bbox 156 3463 1077 3535; baseline 0 -17"><span class='ocrx_word' id='word_1_281' title='bbox 156 3467 237 3531; x_wconf 88' lang='lat' dir='ltr'>dunt,</span> <span class='ocrx_word' id='word_1_282' title='bbox 262 3482 344 3534; x_wconf 89' lang='lat' dir='ltr'>eaque</span> <span class='ocrx_word' id='word_1_283' title='bbox 367 3483 428 3535; x_wconf 88' lang='lat' dir='ltr'>pars</span> <span class='ocrx_word' id='word_1_284' title='bbox 451 3467 552 3519; x_wconf 88' lang='lat' dir='ltr'>insulae</span> <span class='ocrx_word' id='word_1_285' title='bbox 573 3466 709 3535; x_wconf 83' lang='lat' dir='ltr'>prouincia</span> <span class='ocrx_word' id='word_1_286' title='bbox 725 3466 843 3518; x_wconf 87' lang='lat' dir='ltr'>Romana</span> <span class='ocrx_word' id='word_1_287' title='bbox 859 3463 901 3529; x_wconf 88' lang='lat' dir='ltr'>fit,</span> <span class='ocrx_word' id='word_1_288' title='bbox 924 3468 1077 3533; x_wconf 88' lang='lat' dir='ltr'>apraetore</span> 
     </span>
    </p>

    <p class='ocr_par' dir='ltr' id='par_1_28' title="bbox 118 3537 1278 3677">
     <span class='ocr_line' id='line_1_41' title="bbox 157 3537 1278 3606; baseline 0.003 -17"><span class='ocrx_word' id='word_1_289' title='bbox 157 3539 299 3605; x_wconf 86' lang='lat' dir='ltr'>quotannis</span> <span class='ocrx_word' id='word_1_290' title='bbox 317 3538 470 3606; x_wconf 74' lang='lat' dir='ltr'>lilybaeum</span> <span class='ocrx_word' id='word_1_291' title='bbox 488 3539 569 3590; x_wconf 89' lang='lat' dir='ltr'>misso</span> <span class='ocrx_word' id='word_1_292' title='bbox 588 3537 769 3589; x_wconf 88' lang='lat' dir='ltr'>administrata</span> <span class='ocrx_word' id='word_1_293' title='bbox 1108 3539 1160 3591; x_wconf 86' lang='grc'>242</span> <span class='ocrx_word' id='word_1_294' title='bbox 1198 3538 1278 3593; x_wconf 79' lang='grc'><strong>1343</strong></span> 
     </span>
     <span class='ocr_line' id='line_1_42' title="bbox 118 3607 1078 3677; baseline -0.002 -16"><span class='ocrx_word' id='word_1_295' title='bbox 118 3609 237 3661; x_wconf 88' lang='lat' dir='ltr'>Hierone</span> <span class='ocrx_word' id='word_1_296' title='bbox 254 3613 315 3676; x_wconf 91' lang='lat' dir='ltr'>post</span> <span class='ocrx_word' id='word_1_297' title='bbox 331 3624 441 3677; x_wconf 91' lang='lat' dir='ltr'>regnum</span> <span class='ocrx_word' id='word_1_298' title='bbox 460 3607 494 3662; x_wconf 85' lang='lat'>54</span> <span class='ocrx_word' id='word_1_299' title='bbox 507 3624 633 3661; x_wconf 86' lang='lat' dir='ltr'>annorum</span> <span class='ocrx_word' id='word_1_300' title='bbox 646 3623 706 3660; x_wconf 89' lang='lat' dir='ltr'>cum</span> <span class='ocrx_word' id='word_1_301' title='bbox 717 3607 829 3674; x_wconf 86' lang='lat' dir='ltr'>amplius</span> <span class='ocrx_word' id='word_1_302' title='bbox 841 3607 984 3675; x_wconf 89' lang='lat' dir='ltr'>nonaginta</span> <span class='ocrx_word' id='word_1_303' title='bbox 996 3621 1078 3660; x_wconf 89' lang='lat' dir='ltr'>annos</span> 
     </span>
    </p>

    <p class='ocr_par' dir='ltr' id='par_1_29' title="bbox 156 3680 1276 3735">
     <span class='ocr_line' id='line_1_43' title="bbox 156 3680 1276 3735; baseline 0.002 -4"><span class='ocrx_word' id='word_1_304' title='bbox 156 3680 390 3732; x_wconf 75' lang='grc'><strong>11111111111111</strong></span> <span class='ocrx_word' id='word_1_305' title='bbox 1108 3680 1162 3735; x_wconf 92' lang='grc'>216</span> <span class='ocrx_word' id='word_1_306' title='bbox 1198 3682 1276 3734; x_wconf 85' lang='grc'><strong>1411</strong></span> 
     </span>
    </p>

    <p class='ocr_par' dir='ltr' id='par_1_30' title="bbox 133 3747 1078 3889">
     <span class='ocr_line' id='line_1_44' title="bbox 155 3747 1078 3818; baseline -0.002 -17"><span class='ocrx_word' id='word_1_307' title='bbox 155 3751 328 3818; x_wconf 68' lang='lat' dir='ltr'>Hieronymus,</span> <span class='ocrx_word' id='word_1_308' title='bbox 341 3752 397 3804; x_wconf 88' lang='lat' dir='ltr'>eiua</span> <span class='ocrx_word' id='word_1_309' title='bbox 410 3762 561 3818; x_wconf 68' lang='grc'><strong>11111111</strong></span> <span class='ocrx_word' id='word_1_310' title='bbox 572 3748 666 3812; x_wconf 83' lang='grc'><strong>111111,</strong></span> <span class='ocrx_word' id='word_1_311' title='bbox 678 3747 770 3802; x_wconf 83' lang='lat' dir='ltr'>foedus</span> <span class='ocrx_word' id='word_1_312' title='bbox 783 3763 842 3800; x_wconf 90' lang='lat' dir='ltr'>cum</span> <span class='ocrx_word' id='word_1_313' title='bbox 852 3747 974 3816; x_wconf 80' lang='lat' dir='ltr'>Carthag.</span> <span class='ocrx_word' id='word_1_314' title='bbox 987 3750 1078 3800; x_wconf 87' lang='lat' dir='ltr'>contra</span> 
     </span>
     <span class='ocr_line' id='line_1_45' title="bbox 133 3818 1078 3889; baseline -0.003 -16"><span class='ocrx_word' id='word_1_315' title='bbox 133 3821 290 3873; x_wconf 70' lang='lat' dir='ltr'>Homerios</span> <span class='ocrx_word' id='word_1_316' title='bbox 309 3822 366 3885; x_wconf 89' lang='lat' dir='ltr'>init,</span> <span class='ocrx_word' id='word_1_317' title='bbox 389 3822 435 3874; x_wconf 91' lang='lat' dir='ltr'>sed</span> <span class='ocrx_word' id='word_1_318' title='bbox 453 3820 531 3889; x_wconf 92' lang='lat' dir='ltr'>paulo</span> <span class='ocrx_word' id='word_1_319' title='bbox 549 3823 610 3887; x_wconf 87' lang='lat' dir='ltr'>post</span> <span class='ocrx_word' id='word_1_320' title='bbox 627 3820 763 3872; x_wconf 88' lang='lat' dir='ltr'>Leontinis</span> <span class='ocrx_word' id='word_1_321' title='bbox 781 3836 797 3871; x_wconf 92' lang='lat' dir='ltr'>a</span> <span class='ocrx_word' id='word_1_322' title='bbox 814 3820 957 3871; x_wconf 91' lang='lat' dir='ltr'>coniuratis</span> <span class='ocrx_word' id='word_1_323' title='bbox 975 3818 1078 3871; x_wconf 80' lang='lat' dir='ltr'>ciuibus</span> 
     </span>
    </p>

    <p class='ocr_par' dir='ltr' id='par_1_31' title="bbox 117 3890 1160 4029">
     <span class='ocr_line' id='line_1_46' title="bbox 156 3890 1160 3960; baseline 0.001 -17"><span class='ocrx_word' id='word_1_324' title='bbox 156 3891 294 3956; x_wconf 88' lang='lat' dir='ltr'>occiditur,</span> <span class='ocrx_word' id='word_1_325' title='bbox 312 3895 453 3960; x_wconf 81' lang='lat' dir='ltr'>postquam</span> <span class='ocrx_word' id='word_1_326' title='bbox 471 3890 504 3944; x_wconf 85' lang='lat'>13</span> <span class='ocrx_word' id='word_1_327' title='bbox 522 3906 626 3943; x_wconf 90' lang='lat' dir='ltr'>menses</span> <span class='ocrx_word' id='word_1_328' title='bbox 644 3892 766 3958; x_wconf 81' lang='lat' dir='ltr'>regnauit</span> <span class='ocrx_word' id='word_1_329' title='bbox 1108 3891 1160 3945; x_wconf 83' lang='grc'>215</span> 
     </span>
     <span class='ocr_line' id='line_1_47' title="bbox 117 3959 1078 4029; baseline -0.004 -14"><span class='ocrx_word' id='word_1_330' title='bbox 117 3963 282 4015; x_wconf 89' lang='lat' dir='ltr'>Libertatem</span> <span class='ocrx_word' id='word_1_331' title='bbox 304 3963 451 4015; x_wconf 89' lang='lat' dir='ltr'>restitutam</span> <span class='ocrx_word' id='word_1_332' title='bbox 475 3963 581 4014; x_wconf 89' lang='lat' dir='ltr'>turbant</span> <span class='ocrx_word' id='word_1_333' title='bbox 598 3961 772 4029; x_wconf 86' lang='lat' dir='ltr'>Hippocrates</span> <span class='ocrx_word' id='word_1_334' title='bbox 795 3963 821 4013; x_wconf 92' lang='grc'>11</span> <span class='ocrx_word' id='word_1_335' title='bbox 843 3959 988 4027; x_wconf 78' lang='lat' dir='ltr'>Epicydes,</span> <span class='ocrx_word' id='word_1_336' title='bbox 1011 3961 1078 4028; x_wconf 86' lang='lat' dir='ltr'>regii</span> 
     </span>
    </p>

    <p class='ocr_par' dir='ltr' id='par_1_32' title="bbox 155 4029 1077 4102">
     <span class='ocr_line' id='line_1_48' title="bbox 155 4029 1077 4102; baseline -0.001 -18"><span class='ocrx_word' id='word_1_337' title='bbox 155 4032 284 4102; x_wconf 86' lang='lat' dir='ltr'>praefecti</span> <span class='ocrx_word' id='word_1_338' title='bbox 302 4037 328 4085; x_wconf 88' lang='lat' dir='ltr'>et</span> <span class='ocrx_word' id='word_1_339' title='bbox 345 4032 500 4085; x_wconf 87' lang='lat' dir='ltr'>Hannibalis</span> <span class='ocrx_word' id='word_1_340' title='bbox 518 4032 610 4096; x_wconf 90' lang='lat' dir='ltr'>amici,</span> <span class='ocrx_word' id='word_1_341' title='bbox 633 4036 790 4101; x_wconf 89' lang='lat' dir='ltr'>quapropter</span> <span class='ocrx_word' id='word_1_342' title='bbox 813 4030 845 4082; x_wconf 91' lang='lat' dir='ltr'>M.</span> <span class='ocrx_word' id='word_1_343' title='bbox 860 4029 998 4082; x_wconf 89' lang='lat' dir='ltr'>Marcellus</span> <span class='ocrx_word' id='word_1_344' title='bbox 1023 4045 1077 4083; x_wconf 90' lang='lat' dir='ltr'>cos.</span> 
     </span>
    </p>

    <p class='ocr_par' dir='ltr' id='par_1_33' title="bbox 156 4099 1078 4172">
     <span class='ocr_line' id='line_1_49' title="bbox 156 4099 1078 4172; baseline -0.003 -16"><span class='ocrx_word' id='word_1_345' title='bbox 156 4104 233 4156; x_wconf 88' lang='lat' dir='ltr'>Rom.</span> <span class='ocrx_word' id='word_1_346' title='bbox 253 4103 399 4170; x_wconf 89' lang='lat' dir='ltr'>Syracusas</span> <span class='ocrx_word' id='word_1_347' title='bbox 417 4107 488 4156; x_wconf 91' lang='lat' dir='ltr'>terra</span> <span class='ocrx_word' id='word_1_348' title='bbox 504 4102 621 4170; x_wconf 87' lang='lat' dir='ltr'>marique</span> <span class='ocrx_word' id='word_1_349' title='bbox 645 4106 779 4172; x_wconf 88' lang='lat' dir='ltr'>oppugnat</span> <span class='ocrx_word' id='word_1_350' title='bbox 796 4117 901 4169; x_wconf 89' lang='lat' dir='ltr'>easque,</span> <span class='ocrx_word' id='word_1_351' title='bbox 924 4101 969 4153; x_wconf 91' lang='lat' dir='ltr'>diu</span> <span class='ocrx_word' id='word_1_352' title='bbox 986 4099 1078 4154; x_wconf 80' lang='lat' dir='ltr'>Archi·</span> 
     </span>
    </p>

    <p class='ocr_par' dir='ltr' id='par_1_34' title="bbox 116 4169 1275 4313">
     <span class='ocr_line' id='line_1_50' title="bbox 154 4169 1275 4242; baseline -0.003 -16"><span class='ocrx_word' id='word_1_353' title='bbox 154 4173 240 4226; x_wconf 89' lang='lat' dir='ltr'>medis</span> <span class='ocrx_word' id='word_1_354' title='bbox 259 4174 365 4242; x_wconf 85' lang='lat' dir='ltr'>ingenio</span> <span class='ocrx_word' id='word_1_355' title='bbox 384 4177 510 4238; x_wconf 82' lang='lat' dir='ltr'>servatas,</span> <span class='ocrx_word' id='word_1_356' title='bbox 534 4175 605 4242; x_wconf 86' lang='lat' dir='ltr'>capit</span> <span class='ocrx_word' id='word_1_357' title='bbox 1107 4172 1158 4225; x_wconf 89' lang='grc'>212</span> <span class='ocrx_word' id='word_1_358' title='bbox 1197 4169 1275 4224; x_wconf 92' lang='grc'><strong>1421</strong></span> 
     </span>
     <span class='ocr_line' id='line_1_51' title="bbox 116 4243 1076 4313; baseline -0.005 -14"><span class='ocrx_word' id='word_1_359' title='bbox 116 4246 213 4313; x_wconf 83' lang='grc'><strong>111111</strong></span> <span class='ocrx_word' id='word_1_360' title='bbox 232 4246 311 4297; x_wconf 87' lang='lat' dir='ltr'>etiam</span> <span class='ocrx_word' id='word_1_361' title='bbox 330 4245 411 4297; x_wconf 86' lang='lat' dir='ltr'>altera</span> <span class='ocrx_word' id='word_1_362' title='bbox 430 4245 537 4298; x_wconf 89' lang='lat' dir='ltr'>Siciliae</span> <span class='ocrx_word' id='word_1_363' title='bbox 558 4260 631 4312; x_wconf 87' lang='lat' dir='ltr'>pars,</span> <span class='ocrx_word' id='word_1_364' title='bbox 656 4260 722 4312; x_wconf 85' lang='lat' dir='ltr'>quae</span> <span class='ocrx_word' id='word_1_365' title='bbox 741 4245 965 4312; x_wconf 83' lang='lat' dir='ltr'>Syracusanorum</span> <span class='ocrx_word' id='word_1_366' title='bbox 983 4243 1076 4306; x_wconf 85' lang='lat' dir='ltr'>fuerat,</span> 
     </span>
    </p>

    <p class='ocr_par' dir='ltr' id='par_1_35' title="bbox 153 4312 1076 4384">
     <span class='ocr_line' id='line_1_52' title="bbox 153 4312 1076 4384; baseline -0.005 -14"><span class='ocrx_word' id='word_1_367' title='bbox 153 4319 182 4370; x_wconf 94' lang='lat' dir='ltr'>in</span> <span class='ocrx_word' id='word_1_368' title='bbox 202 4316 354 4384; x_wconf 78' lang='lat' dir='ltr'>prouinciae</span> <span class='ocrx_word' id='word_1_369' title='bbox 375 4314 484 4368; x_wconf 84' lang='lat' dir='ltr'>formam</span> <span class='ocrx_word' id='word_1_370' title='bbox 503 4332 518 4368; x_wconf 89' lang='lat' dir='ltr'>a</span> <span class='ocrx_word' id='word_1_371' title='bbox 536 4315 611 4368; x_wconf 84' lang='lat' dir='ltr'>Rom.</span> <span class='ocrx_word' id='word_1_372' title='bbox 630 4315 770 4384; x_wconf 87' lang='lat' dir='ltr'>redigitur,</span> <span class='ocrx_word' id='word_1_373' title='bbox 793 4315 898 4368; x_wconf 85' lang='lat' dir='ltr'>diversa</span> <span class='ocrx_word' id='word_1_374' title='bbox 915 4312 1076 4383; x_wconf 87' lang='lat' dir='ltr'>singularum</span> 
     </span>
    </p>

    <p class='ocr_par' dir='ltr' id='par_1_36' title="bbox 153 4381 1159 4455">
     <span class='ocr_line' id='line_1_53' title="bbox 153 4381 1159 4455; baseline -0.008 -14"><span class='ocrx_word' id='word_1_375' title='bbox 153 4388 300 4450; x_wconf 84' lang='lat' dir='ltr'>civitatum,</span> <span class='ocrx_word' id='word_1_376' title='bbox 317 4389 396 4454; x_wconf 92' lang='lat' dir='ltr'>prout</span> <span class='ocrx_word' id='word_1_377' title='bbox 412 4402 530 4455; x_wconf 88' lang='lat' dir='ltr'>quaeque</span> <span class='ocrx_word' id='word_1_378' title='bbox 548 4390 686 4450; x_wconf 87' lang='lat' dir='ltr'>meruerat,</span> <span class='ocrx_word' id='word_1_379' title='bbox 705 4386 858 4439; x_wconf 88' lang='lat' dir='ltr'>condicione</span> <span class='ocrx_word' id='word_1_380' title='bbox 1106 4381 1159 4434; x_wconf 89' lang='grc'>210</span> 
     </span>
    </p>
   </div>
   <div class='ocr_carea' id='block_1_4' title="bbox 597 4536 797 4546">
    <p class='ocr_par' dir='ltr' id='par_1_37' title="bbox 597 4536 797 4546">
     <span class='ocr_line' id='line_1_54' title="bbox 597 4536 797 4546; baseline -0.01 0"><span class='ocrx_word' id='word_1_381' title='bbox 597 4536 797 4546; x_wconf 76' lang='lat'><em>————-——-</em></span> 
     </span>
    </p>
   </div>
   <div class='ocr_carea' id='block_1_5' title="bbox 0 0 1510 5062">
    <p class='ocr_par' dir='ltr' id='par_1_38' title="bbox 0 0 1510 5062">
     <span class='ocr_line' id='line_1_55' title="bbox 0 0 1510 5062; baseline 0 0"><span class='ocrx_word' id='word_1_382' title='bbox 0 0 1510 5062; x_wconf 95' lang='lat' dir='ltr'> </span> 
     </span>
    </p>
   </div>
  </div>
 </body>
</html>
