3012 5062
398 455 429 503 ab
447 468 511 503 anno
530 468 553 502 a
566 453 624 503 cm.
637 453 689 502 itt
708 466 786 514 usqne
804 454 836 502 ad
855 467 948 503 mum
968 453 1028 501 194.
1256 449 1291 506 89
1358 519 1361 525 ⁴

126 640 149 668 ι.
162 628 216 669 chr.
261 640 308 670 rac.

372 700 427 739 coa.
446 684 537 738 ltaliae
560 687 689 753 praeerat
729 683 800 738 (iulii
816 683 940 737 Insubres
959 682 1007 737 On.
1025 683 1150 736 Baebium
1170 682 1291 752 Tamphi-

372 756 426 808 lum
443 771 531 824 propr.
554 755 701 824 profligant.
743 755 821 808 tiene.
841 755 871 807 Ρ.
891 754 994 808 Gornel.
1018 755 1089 823 Scip.
1107 753 1234 818 African,
1261 754 1290 806 P.

371 826 463 880 Aelius
476 827 572 879 Paetus
591 827 700 879 lustrum
715 824 785 888 (Ab.)
797 826 921 879 condunt.
948 826 1074 894 Princeps
1087 828 1193 878 senatus
1206 824 1291 878 lectus

373 899 401 950 P.
422 896 499 949 Gora
519 897 608 966 Scipio
627 896 774 950 Africanus.
811 897 844 948 hi.
864 898 973 950 Porcius
993 896 1058 950 Cato
1077 895 1133 948 aed.
1152 896 1220 963 pleb.

150 967 205 1021 198
254 965 307 1023 556
344 968 575 1021 Chemmites
588 969 682 1020 Poetae
698 968 782 1032 Oetae,
798 968 829 1020 T.
840 968 969 1027 (1111101111
978 969 1137 1034 Flaminiana,
1157 966 1289 1020 aedilitate

372 1042 400 1092 et
416 1042 539 1107 praetura
557 1040 654 1093 omissa
672 1054 726 1091 cos.
746 1037 856 1103 iactus).
893 1038 922 1091 P.
935 1038 1032 1090 Villius
1049 1039 1133 1107 primo
1152 1053 1212 1089 vere
1230 1052 1291 1090 con·

373 1110 433 1162 eilia
454 1109 640 1178 ingrediendne
658 1110 825 1162 Macedoniae
849 1109 945 1177 agitat,
967 1124 1026 1161 cum
1044 1109 1127 1161 Illam.
1151 1124 1205 1161 cos.
1229 1108 1292 1160 belli

373 1181 481 1249 gerendi
503 1181 614 1248 cupidus
637 1182 795 1249 supervenit.
838 1180 878 1244 Is,
906 1180 1026 1248 Philippo
1049 1196 1083 1232 ex
1106 1179 1235 1247 angustiis
1258 1179 1292 1231 ad

372 1252 457 1304 Aoum
474 1250 599 1315 fluvium,
610 1250 732 1304 claustrie
750 1252 831 1320 Epiri,
851 1251 961 1315 deiecto,
979 1266 1029 1319 per
1044 1250 1151 1319 Epirum
1164 1252 1196 1302 in
1210 1249 1291 1302 Thes-

373 1323 464 1375 saliam
482 1322 614 1391 procedit,
640 1322 769 1375 1111111111
788 1322 961 1375 Athamanum
985 1328 1012 1375 et
1029 1321 1181 1374 Aetolorum
1200 1322 1291 1390 copiis.

373 1393 509 1462 Philippus
527 1395 555 1446 in
572 1393 750 1446 Macedoniam
767 1393 875 1456 recedit,
898 1408 953 1446 cos.
972 1389 1058 1445 Elatia
1076 1396 1153 1461 capta
1171 1394 1198 1445 et
1214 1391 1291 1446 hetia

373 1480 432 1517 cum
449 1464 516 1517 Phil.
535 1463 658 1528 induciis,
675 1465 703 1516 in
721 1463 833 1516 Locride
851 1468 878 1516 ct
894 1464 1009 1517 Phocide
1028 1464 1154 1516 hibernst.

284 1527 296 1543 ²
407 1534 482 1588 Alter
504 1551 558 1588 coe.
582 1536 609 1587 in
628 1534 715 1588 Gallia
736 1534 801 1587 nihil
824 1535 1001 1588 memorabile.
1014 1536 1090 1603 gerit.
1130 1534 1164 1587 M.
1183 1533 1291 1587 Porcius

373 1605 438 1658 Oato
455 1611 538 1674 praet.
556 1605 631 1660 Sard

148 1679 200 1732 let
253 1677 306 1732 557
343 1676 404 1731 Ges.
426 1678 454 1730 C.
469 1678 595 1729 Cornelias
615 1678 742 1744 Ceaeque,
764 1676 938 1736 (1111111111
954 1676 1062 1742 Rasna.)
1098 1676 1151 1727 Sea
1166 1689 1293 1743 moerores

370 1749 446 1818 prim.
470 1752 605 1811 creantur,
630 1763 739 1816 quorum
762 1750 884 1814 quattuor
905 1747 970 1799 duae
996 1746 1150 1814 Hispanias,
1174 1746 1291 1800 Siciliam

373 1818 571 1887 Sardiniamque
589 1834 649 1872 cum
666 1820 729 1887 imp.
748 1819 865 1871 obtinere
878 1816 972 1870 solent.
1000 1817 1102 1869 ltaliam
1115 1820 1223 1885 uterque
1236 1832 1291 1871 cos.

371 1890 457 1943 habet
495 1890 525 1942 T.
543 1889 683 1953 Quinctius
702 1904 813 1957 procos,
824 1888 967 1941 vadiunctis
982 1888 1041 1941 sibi
1059 1887 1171 1941 Achaeis
1195 1892 1222 1941 et
1239 1888 1290 1941 lta-

373 1961 435 2013 bide
457 1965 484 2014 et
503 1961 634 2015 Thebanis
653 1961 715 2029 (per
733 1960 849 2012 Attalum
866 1958 947 2028 req),
969 1975 1029 2012 cum
1052 1974 1105 2027 pax
1128 1974 1293 2012 noeoeane.

370 2032 463 2095 nisset,
482 2032 539 2085 adv.
558 2032 706 2101 Philippum
724 2033 752 2084 in
765 2030 928 2084 Thessaliam
946 2033 1040 2083 moret
1077 2030 1119 2083 lbi
1135 2030 1197 2083 dum
1216 2031 1291 2083 ambo

373 2102 526 2156 Scotussam
543 2107 643 2171 petunt,
662 2103 690 2155 in
703 2101 810 2155 tumulis
827 2102 1015 2171 Cyaoacaptutia
1026 2116 1224 2170 praecursorum
1236 2117 1292 2154 cer·
1326 2124 1340 2154 ν.

350 2235 354 2244 ⁸
373 2177 461 2226 tamm
480 2174 648 2238 contrahitur,
667 2174 761 2242 quibus
780 2189 839 2226 cum
851 2174 983 2241 utrimque
994 2173 1085 2242 copiae
1098 2173 1292 2236 submittantur,

372 2244 477 2297 tandem
495 2245 566 2297 iusto
584 2245 684 2312 proelio
703 2243 860 2312 confligitur,
879 2259 931 2313 quo
942 2243 1098 2297 Macedones
1116 2258 1224 2312 prorsus
1236 2245 1292 2296 rin-

372 2318 475 2379 cuntur,
492 2314 595 2368 Aetolis
613 2316 640 2368 in
659 2330 690 2367 ea
707 2330 736 2367 re
754 2314 823 2367 haud
840 2315 1057 2374 contemnendum
1076 2315 1200 2368 auxilium
1217 2330 1291 2383 prae·

373 2387 512 2439 stantibus.
548 2386 684 2454 Philippus
704 2385 811 2454 Tempta
830 2400 890 2438 cum
912 2400 1015 2454 procos.
1035 2386 1193 2450 collocutus,
1216 2385 1291 2439 iudu-
1320 2429 1328 2438 .

373 2457 428 2509 cias
446 2457 576 2525 impetrat,
594 2457 688 2525 quibus
707 2457 809 2525 legatos
829 2456 861 2509 de
879 2471 944 2525 pace
963 2457 1072 2510 &mam
1090 2458 1184 2510 mittat.
1369 2500 1379 2518 .

409 2526 524 2595 Uterque
543 2542 596 2580 cos.
615 2528 810 2596 triumphator
830 2527 923 2592 Gallia,
942 2526 990 2582 Cn.
1010 2527 1147 2581 Cornelius
1165 2528 1292 2581 Lentulus

372 2612 453 2652 ovans
465 2598 534 2651 redit
546 2614 579 2651 ex
590 2599 665 2668 Ilisp.
678 2600 752 2652 citer.
771 2598 828 2651 Lex
840 2599 932 2651 Porcio
944 2599 976 2652 de
989 2600 1173 2667 provocatione
1185 2598 1274 2652 fertur.

146 2668 203 2722 196
256 2665 309 2721 558
346 2667 406 2722 Cos.
426 2669 458 2721 L.
477 2669 569 2722 ibam
586 2670 722 2736 Per-pareo,
746 2670 784 2722 Μ.
806 2670 926 2722 Claudius
942 2669 1079 2722 Mareotide
1096 2669 1172 2722 ambo
1191 2669 1293 2724 Italiam

371 2754 445 2808 pror.
463 2740 568 2792 habent
607 2739 650 2797 Ex
668 2741 799 2793 sententia
816 2740 844 2793 X
861 2741 1008 2809 legatorum
1026 2740 1058 2793 Τ,
1077 2739 1214 2802 Quinctius
1232 2741 1293 2792 Pti-

374 2812 441 2877 lippo
456 2828 542 2876 peresa
560 2813 604 2863 dot
626 2827 658 2864 ea
675 2811 837 2874 condicione,
860 2814 891 2863 ut
907 2811 1039 2880 praesidia
1055 2811 1153 2863 hleced.
1173 2827 1206 2874 ex
1224 2812 1293 2865 urbi-

373 2881 422 2933 bus
442 2879 556 2934 tiraecis
580 2882 670 2934 liberis
695 2881 807 2934 deducat
828 2880 1136 2950 (imprimis·Gorintho,
1160 2879 1292 2946 Chalcide,

373 2951 559 3015 Demetriade),
577 2952 649 3005 mille
668 2952 714 3005 tal
733 2951 839 3018 pendat,
857 2955 908 3004 cet.
949 2952 1014 3004 illae
1032 2953 1153 3005 civitates
1171 2952 1199 3004 in
1217 2952 1293 3005 liber-

372 3024 454 3074 tatem
476 3024 661 3087 restituuntur,
685 3022 781 3075 sedin
805 3023 955 3089 praesentia
976 3021 1114 3090 praesidiis
1133 3022 1208 3074 Rom.
1227 3023 1293 3075 obti-

373 3095 469 3144 nentur
486 3097 593 3161 propter
610 3098 707 3147 metum
725 3093 758 3145 de
772 3093 907 3146 Antiocho.
937 3092 1091 3160 Triumphat
1107 3093 1140 3145 ll.
1153 3093 1293 3146 Marcellus

373 3177 427 3215 cos.
442 3162 475 3215 de
489 3162 662 3217 Comensibus
674 3168 700 3217 et
711 3164 873 3218 Insubribus.
901 3164 990 3217 lllviri
1007 3164 1132 3232 epulones
1152 3164 1274 3217 instituti.

146 3235 205 3290 195
256 3233 308 3288 boe
345 3232 406 3287 Gos.
420 3233 452 3285 L.
461 3234 574 3286 Valeriae
582 3236 696 3298 Flaccos,
709 3235 748 3288 Μ.
761 3237 865 3289 Porcius
878 3236 947 3299 Coro,
960 3235 1096 3303 municeps
1107 3234 1247 3303 Tusculum
1258 3234 1294 3288 44

373 3318 456 3357 annos
475 3305 572 3366 natus.)
601 3305 748 3359 Antiochus
765 3322 812 3359 rex
829 3307 857 3358 in
875 3305 1006 3375 Europam
1024 3306 1119 3358 hausit
1136 3309 1163 3358 et
1174 3305 1293 3374 Lysima-

373 3375 458 3427 chiam
476 3375 567 3428 nrbem
584 3376 733 3429 restitutam
751 3378 842 3429 munit
869 3376 976 3446 Legatis
990 3377 1064 3430 Rom.
1078 3377 1111 3429 ad
1123 3392 1182 3430 eum
1194 3378 1303 3442 missis..

373 3449 403 3498 ut
420 3444 536 3498 Graecas
554 3447 583 3499 in
594 3447 660 3500 Asia
677 3449 756 3501 urbes
774 3449 870 3501 liberas
889 3463 957 3513 esee,
976 3464 1042 3501 nere
1060 3449 1087 3500 in
1099 3447 1230 3517 Europam
1242 3452 1294 3502 tra·

374 3516 454 3570 iicere
467 3516 539 3581 velit,
559 3532 611 3570 non
624 3521 705 3586 peret.
733 3518 774 3571 Ad
786 3519 897 3572 ecrndem
909 3518 1209 3587 Hannibal.Garthagine
1222 3523 1293 3573 metu
1348 3573 1351 3577 ,
1423 3558 1425 3561 -

373 3586 505 3641 Romanae
523 3586 645 3642 bedonis
667 3589 793 3658 profugus
811 3591 891 3643 venit.
927 3591 957 3643 ln
977 3589 1087 3643 Graecia
1105 3589 1136 3642 Τ.
1156 3588 1293 3654 Quinctius

373 3672 476 3725 procos.
494 3657 605 3712 Nabidis
623 3662 675 3728 tyr.
693 3659 845 3713 Lacedaem.
871 3676 935 3729 opes
952 3660 1080 3728 infringit,
1104 3674 1189 3728 neque
1206 3664 1294 3727 amen

354 3727 450 3780 delet
487 3728 525 3781 Ar
545 3729 579 3781 ‘ri
597 3729 700 3782 liberati
718 3730 830 3783 concilio
848 3730 1011 3784 Achaeorum
1028 3731 1212 3784 attribuuntur.

363 3807 371 3821 ·
409 3797 470 3851 Coe.
482 3798 516 3852 hl.
547 3800 636 3853 ercino
654 3801 681 3852 in
693 3799 769 3868 Hisp.
788 3801 908 3855 citeriore
925 3816 981 3854 rem
1000 3801 1066 3855 bene
1079 3803 1156 3870 gerit,
1174 3803 1205 3855 t.
1218 3803 1293 3860 Flac-

372 3882 497 3990 dds'twm
515 3869 588 3925 Boiis
605 3873 712 3939 propter
730 3871 824 3924 silvam
841 3871 960 3925 Litanam
979 3872 1094 3926 secundo
1113 3873 1212 3941 proelio
1231 3889 1293 3928 con-

407 4008 464 4063 Lex
487 4009 574 4079 Oppia
597 4011 723 4079 abrogata
750 4008 800 4074 (ci.
824 4027 865 4065 an.
888 4010 966 4076 215).
1012 4014 1134 4068 Nascitur
1159 4008 1294 4069 Tomitas.

374 4077 547 4147 Triumphant
564 4080 598 4132 li.
616 4081 727 4135 Helvius
744 4081 835 4137 Blasio
854 4088 881 4138 et
898 4083 928 4149 Q.
946 4084 1076 4139 htinucim
1089 4085 1217 4139 Thermus
1235 4100 1294 4154 pro·

194 4170 198 4174 ·
372 4154 507 4217 praetores
526 4166 560 4204 ex
577 4151 652 4220 liisp.
671 4153 715 4205 cit.

146 4219 204 4273 194
255 4216 309 4273 560
344 4218 407 4275 Ges.
429 4221 460 4273 P.
487 4222 614 4275 Corneliae
635 4223 722 4291 Scipio
740 4225 857 4292 Africae.
874 4226 917 4291 11,
948 4226 990 4283 Ti.
1008 4227 1166 4297 Semproniae
1182 4228 1293 4295 Laupas,

373 4307 483 4416 titt
501 4293 1002 4435 hbl.ti.¹it⁰l.hth¹¹icl·
1016 4297 1294 4422 titillabit

373 4432 554 4501 indignatione
580 4432 776 4504 flagitaverant,
804 4439 947 4491 exercitum
974 4438 1048 4490 Rom.
1076 4439 1103 4490 in
1132 4439 1234 4492 ltaliam
1261 4439 1294 4492 ad

372 4504 531 4573 triumphum
555 4504 669 4558 deducit
710 4507 847 4576 sempron.
871 4522 925 4559 cos.
948 4522 1008 4560 cum
1026 4508 1100 4564 Boiis
1122 4510 1177 4565 acri
1194 4510 1294 4579 proelio
