3012 5062
361 454 363 458 ’
385 442 417 491 ab
436 458 500 493 anno
519 459 541 493 ι.
554 444 611 494 Chr.
633 446 681 497 112
701 460 777 508 usqne
793 447 827 498 ad
845 412 935 500 annum
955 452 1013 501 181.
1242 457 1276 512 99

357 676 465 727 0000100
484 677 571 729 nmen
588 680 695 744 propter
706 679 797 745 populi
809 680 919 746 gratiam
932 680 1080 734 absolvitur.
1110 682 1163 735 Sed
1176 699 1207 737 ne
1221 700 1275 738 cos.

355 745 460 812 quidem
469 745 533 812 quid
551 762 610 798 nam
621 749 788 801 memorabile
798 750 861 817 agit.
875 751 905 802 In
918 751 1039 804 ulteriore
1049 753 1123 823 Hisp.
1138 753 1167 816 Q.
1179 754 1276 823 Caepio

354 816 478 883 reliquias
497 761 560 869 110111
574 817 710 871 Viriathiei
727 821 900 887 persequitur.
942 822 972 874 In
991 820 1082 875 Sicilia
1099 824 1129 875 P.
1148 825 1276 894 Popillius

356 901 548 1010 partseqrqrum
571 892 658 941 motus
682 894 797 954 coercet,
821 892 915 958 quibus
939 894 971 944 ab
990 893 1038 946 hoc
1057 896 1172 964 tempore
1189 897 1277 949 insula

354 973 387 1023 pe
414 973 527 1013 01001.

392 1027 489 1081 Romae
507 1030 563 1080 Lea
584 1028 694 1080 00111110
711 1031 854 1101 tabellaria,
872 1033 943 1099 plebi
962 1035 1119 1101 gratissima,
1138 1035 1275 1104 perfertur,

356 1101 385 1150 ut
401 1100 430 1150 in
448 1100 644 1167 magistratibus
659 1101 783 1154 creandis
801 1118 854 1155 non
872 1119 945 1167 voce,
964 1104 1011 1156 sed
1030 1105 1132 1158 tabellis
1152 1104 1277 1175 suffragia
1328 1125 1330 1131 ·

356 1169 457 1222 dentur.
487 1169 612 1225 Chaldaei
630 1186 645 1221 a
664 1170 829 1225 (1001110110
847 1175 966 1242 Rispallo
984 1191 1022 1242 pr.
1041 1191 1143 1244 peregr.
1161 1193 1196 1230 ex
1213 1179 1277 1231 urbe

355 1240 486 1307 pelluntur
505 1241 578 1303 (Vel.
597 1241 665 1292 Max.
686 1243 709 1306 1,
729 1243 754 1307 3,
773 1242 815 1307 2).
1101 1244 1103 1248 ’

132 1311 189 1364 138
238 1309 291 1363 616
328 1308 388 1363 Dos.
407 1311 438 1362 P.
461 1312 586 1363 Corneliae
605 1312 690 1377 Scipio
702 1313 800 1365 Norico
819 1315 940 1381 (Serapio
952 1314 1059 1368 ludibrii
1071 1332 1150 1395 causa
1162 1318 1195 1371 dc
1208 1318 1278 1371 servi

153 1410 158 1415 ,
356 1382 490 1435 cuiusdam
514 1383 683 1435 similitudine
705 1384 867 1452 appeNatns,
894 1386 962 1441 Plin.
986 1386 1028 1451 21,
1054 1388 1110 1453 10),
1137 1390 1172 1440 D.
1191 1390 1278 1441 Ioniae

357 1454 454 1505 Bracae
472 1452 639 1515 (0011010111).
667 1455 736 1506 Dum
753 1456 785 1507 D.
805 1456 895 1508 Iunius
914 1471 969 1508 cos.
988 1457 1090 1510 deditos
1104 1458 1215 1512 Viriathi
1231 1460 1277 1512 mi·

356 1524 425 1587 litas,
443 1525 515 1591 agris
535 1525 683 1588 attributis,
703 1525 838 1579 Valentino
857 1527 980 1591 collocat,
1005 1531 1031 1578 et
1050 1544 1185 1597 armaper
1203 1530 1278 1582 Lusi·

237 1631 246 1638 .
355 1596 462 1658 taniam,
482 1595 586 1662 singula
605 1594 701 1662 oppida
719 1597 887 1663 aggrediens,
913 1597 1075 1661 circumfert,
1098 1599 1131 1649 M.
1150 1600 1277 1668 Popillius

355 1679 458 1733 procos.
472 1665 666 1735 aNnmantinis
685 1667 798 1719 vincitur
816 1681 846 1718 aa
865 1666 977 1734 fugatur.
1006 1669 1103 1720 Romae
1116 1674 1200 1721 cosa
1217 1670 1277 1722 trib.

352 1736 390 1803 pl.
405 1735 434 1788 G.
448 1735 564 1788 Curiatio
584 1737 611 1788 in
630 1736 734 1789 1100010
746 1736 930 1790 coniiciuntur.
948 1738 978 1790 L.
990 1738 1062 1790 Sulla
1075 1738 1138 1790 dict.
1152 1742 1277 1792 nascitur.

132 1805 185 1858 137
238 1805 289 1858 617
326 1804 387 1860 Ges.
406 1807 445 1857 Μ.
464 1808 552 1859 Aerati.
572 1808 683 1873 Lepidos
701 1808 817 1871 Porciae,
839 1808 865 1858 C.
885 1809 1009 1860 Hostilius
1028 1809 1183 1870 Mancinus.)
1210 1810 1278 1861 Dum

356 1878 454 1931 Rornae
478 1878 507 1929 L.
529 1877 636 1930 Cassius
656 1878 791 1946 Longinus
815 1879 874 1930 trib.
898 1879 933 1946 pl.
954 1879 1001 1941 (ci.
1021 1878 1075 1931 Cic.
1094 1896 1120 1947 p.
1139 1881 1208 1933 Sest.
1227 1879 1278 1942 48)

270 1990 275 1997 .
358 1950 433 2015 tapam
459 1948 573 2000 Carrion
595 1949 758 2003 tabellariam
781 1949 812 2000 de
837 1948 941 2002 iudiciis
963 1949 1072 2018 perfert,
1102 1949 1131 2002 G.
1150 1951 1279 2003 Hostilius

358 2034 412 2077 cos.
431 2019 553 2071 servandi
572 2020 705 2071 exercitus
724 2034 804 2072 causa
822 2035 913 2086 pacem
932 2037 991 2072 cum
1008 2020 1175 2073 Numantinis
1195 2023 1280 2086 aequis

359 2091 453 2157 lapitas
471 2088 542 2153 facit,
567 2104 644 2157 quam
663 2106 811 2143 mansuram
831 2106 890 2143 asse
909 2095 935 2142 et
957 2093 1016 2158 ipse
1038 2094 1065 2143 et
1084 2091 1124 2142 Ti.
1145 2091 1278 2144 Gracchus

358 2163 480 2228 quaestor
498 2162 631 2228 ceterique
648 2161 829 2214 honestissimi
848 2162 876 2217 iu
894 2163 1010 2214 exercitu
1028 2162 1121 2213 iurant.
1151 2162 1204 2214 Sed
1223 2177 1280 2214 eam

357 2232 457 2283 irritam
476 2246 535 2283 esse
555 2235 660 2283 senatus
680 2232 765 2284 iubet:
785 2232 850 2283 alter
869 2247 924 2284 000.
942 2234 969 2284 iu
989 2232 1062 2299 Hisp.
1082 2234 1179 2285 missus
1199 2232 1280 2284 aNu·

352 2303 481 2355 mantinis
501 2302 605 2369 quidem
630 2302 756 2366 abstinet,
780 2303 827 2355 scd
840 2303 982 2366 Vaccaeos
1002 2318 1097 2367 eorum¹
1111 2304 1211 2366 socios,
1235 2302 1279 2354 ad-

358 2373 454 2425 iunctis
469 2373 501 2424 D.
511 2373 594 2436 Bruti,
607 2374 652 2440 qni
663 2372 827 2425 Lusitaniam
838 2377 985 2440 pacaverat,
998 2374 1090 2441 copiis,
1104 2373 1262 2442 aggreditur.

135 2443 189 2497 136
239 2442 294 2496 618
322 2443 1024 2507 ,000.1].10010οΡ11·100,810.0111018ωο110.)
1059 2443 1131 2495 idem
1150 2444 1182 2495 Μ.
1195 2444 1282 2495 Aemi·

359 2515 411 2568 lius
433 2529 538 2581 procos.
557 2514 713 2567 Pallantiam
731 2515 760 2566 in
779 2515 823 2566 cit.
841 2515 916 2583 Hisp.
940 2515 1036 2568 trustra
1055 2514 1172 2579 obsidet,
1199 2518 1225 2567 et
1243 2528 1282 2566 re·

360 2585 457 2638 cedens
475 2600 570 2653 magna
588 2584 662 2636 clade
682 2584 801 2637 afficitur.
843 2585 983 2654 Imperium
1006 2587 1030 2637 ei
1049 2586 1189 2654 abrogatur
1207 2588 1233 2636 et
1251 2583 1281 2636 L.

360 2656 455 2709 Furius
475 2671 529 2709 cos.
550 2656 620 2718 (uam
632 2655 708 2708 alteri
720 2656 797 2708 ltalia
809 2671 868 2707 cum
882 2657 968 2710 Gallia
981 2658 1131 2717 obvenerat)
1145 2668 1283 2709 successor

361 2727 480 2791 mittitur,
504 2727 549 2794 qni
566 2726 734 2781 Numantinis
753 2727 839 2793 pacis,
863 2742 940 2794 quam
958 2727 1076 2795 populns·
1089 2726 1212 2778 inlectam
1230 2727 1282 2778 ius·

362 2800 450 2861 sisset,
470 2801 602 2850 auctorem
615 2797 763 2859 Mancinum
782 2796 861 2860 dedit,
879 2813 957 2864 quem
975 2798 1014 2849 illi
1033 2812 1084 2849 non
1098 2800 1265 2864 acceperunt.

365 2916 367 2920 ,
396 2869 499 2921 Interea
517 2869 548 2920 D.
567 2869 664 2921 Brutus
684 2868 859 2930 Lusitaniam,
882 2867 983 2919 Lethen
1005 2866 1198 2931 (Oblivionem)
1221 2865 1281 2919 fluv.

362 2944 553 3008 transgressus,
573 2950 656 3006 usque
676 2938 708 2990 ad
728 2938 859 2991 Oceanum
877 2938 1019 3006 perdomat.

399 3010 477 3063 (lens.
495 3009 546 3078 Ap.
560 3009 685 3063 Claudius
698 3008 810 3060 Pulcher
829 3007 859 3071 Q.
872 3009 981 3060 Fuluius
994 3007 1114 3060 Nobilior
1133 3007 1217 3069 (lustr.
1229 3003 1281 3066 58).

362 3083 391 3135 P.
411 3082 512 3133 lincius
532 3080 660 3134 Scaevola
678 3082 791 3147 praetor.

84 3165 88 3168 ’
138 3153 196 3208 135
244 3153 306 3206 619.
334 3153 394 3206 Cos.
414 3152 592 3204 0101111101
608 3153 723 3214 Placeas,
739 3150 784 3209 -Q.
808 3149 955 3216 Calpoarar'as
972 3148 1057 3211 Piso.)
1099 3145 1129 3210 Q.
1148 3147 1209 3198 Piso
1228 3160 1281 3197 cos.

362 3237 417 3276 rem
437 3222 562 3276 adversus
575 3222 749 3274 Numantinos
768 3221 849 3274 nihilo
867 3221 969 3283 melius,
989 3235 1065 3302 quarn
1084 3219 1129 3286 qni
1148 3221 1207 3269 ante
1226 3230 1285 3268 enm

226 3305 230 3311 ·
333 3343 335 3346 1
363 3294 443 3346 duces
462 3293 574 3356 inerant,
592 3294 668 3361 gerit,
688 3293 780 3345 sedin
793 3292 915 3344 ulteriore
932 3292 1068 3359 prormcia
1080 3290 1111 3341 D.
1120 3289 1214 3372 'Iunius
1226 3301 1285 3369 pro·

363 3363 1075 3498 6111111111θέ.111111111161111.,
1083 3354 1286 3499 Potitii

364 3507 453 3570 ricam,
474 3507 557 3557 rictos
575 3506 604 3556 in
622 3504 782 3556 deditionem
806 3505 909 3572 accipit
950 3503 984 3554 Μ.
1005 3503 1149 3555 Cosconius
1168 3498 1286 3552 Macedo·

364 3576 423 3629 niae
441 3580 545 3646 praetor
564 3591 623 3627 cum
642 3575 789 3627 Scordiscis
808 3589 932 3641 prospere
951 3576 1057 3641 pugnat.

336 3662 338 3665 ’
401 3647 431 3701 In
452 3647 543 3705 Sicilia
565 3647 659 3714 ingens
682 3663 803 3696 aevorum
822 3656 899 3695 motae
917 3644 1020 3707 existit,
1044 3643 1101 3709 qni,
1125 3640 1202 3692 Eunu
1225 3653 1287 3705 rega

366 3720 467 3781 creato,
495 3718 639 3770 exercitum
663 3715 751 3768 70000
774 3714 828 3766 iere
852 3715 919 3767 hom.
943 3713 1070 3781 colligunt
1094 3714 1121 3763 01
1142 3712 1288 3778 praetorem

368 3787 397 3840 G.
408 3788 530 3841 Pisonem
548 3787 648 3855 fugant.
676 3787 762 3838 Etiam
780 3786 808 3837 in
828 3786 922 3837 ceteris
942 3784 1012 3836 orbis
1031 3786 1158 3836 terrarum
1170 3780 1287 3848 partibus

368 3859 497 3912 eiusmodi
514 3861 601 3911 motus
621 3858 745 3909 01100101.
947 3904 961 3911 ,

144 3930 202 3984 134
252 3927 304 3980 620
340 3927 400 3981 Cos.
419 3930 450 3982 P.
472 3931 598 3981 Cornelius
615 3928 701 3994 Scipio
719 3928 801 3993 Afric.
821 3927 910 3977 Aonii.
929 3925 964 3975 ΙΙ
978 3923 1095 3992 (legibus
1114 3922 1215 3975 solutus
1234 3933 1289 3971 cos.

370 3999 464 4063 factus,
483 4015 542 4053 cam
561 4014 613 4051 nou
631 3994 750 4066 peteret),
772 3993 1055 4056 (1100101000.)
1087 3993 1153 4046 Cum
1171 3991 1201 4043 L.
1214 3990 1289 4042 Plau·

369 4070 422 4122 1100
444 4071 584 4138 Hypsaeus
609 4072 691 4137 praet.
716 4069 744 4120 in
767 4067 860 4120 Sicilia
886 4082 902 4117 a
929 4066 1011 4119 serris
1036 4065 1121 4117 rictus
1144 4061 1289 4126 castrisque

370 4142 565 4205 01010000001,
587 4139 618 4192 O.
637 4139 745 4195 Fulvius
765 4153 818 4191 cos.
839 4152 869 4190 eo
889 4152 948 4188 cum
967 4136 1083 4188 exercitu
1100 4133 1219 4184 mittitur.

287 4252 295 4263 ,
406 4211 436 4262 Ρ.
449 4211 548 4280 Scipio,
567 4211 610 4262 cai
622 4211 696 4277 Hisp.
717 4209 822 4261 citerior
839 4222 911 4276 pror.
925 4212 999 4259 extra
1011 4206 1127 4258 ordinem
1139 4202 1199 4253 data
1211 4200 1290 4260 esset,

372 4282 476 4341 auxiliis
496 4298 511 4333 a
529 4281 609 4334 sociis
628 4284 655 4332 et
671 4281 780 4349 regibus,
798 4280 949 4341 contractis,
968 4278 1036 4328 inter
1054 4288 1119 4342 qnos
1137 4271 1292 4337 Iaporrtoa

371 4353 484 4419 Micipsa
498 4355 590 4422 patruo
611 4351 709 4403 missus
727 4353 799 4415 erat,
823 4350 965 4402 exercitum
988 4346 1149 4399 luxuriosum
1168 4339 1201 4391 ad
1219 4353 1292 4392 sere·

372 4422 504 4476 rissimam
526 4421 691 4488 disciplinam
713 4423 831 4484 revocat,
859 4433 936 4487 agros
952 4416 1175 4479 ¹Numantinorum
1198 4412 1292 4492 uastat,

373 4492 520 4560 ibidemque
532 4491 660 4555 hibernat,
672 4494 702 4543 ut
713 4491 802 4559 inopia
814 4490 947 4541 civitatem
960 4489 1059 4554 urgeat.
1091 4483 1157 4537 Cum
1170 4482 1292 4548 Scipione

1040 4570 1075 4621 7*
