3062 5064
541 477 543 480 >
570 443 685 495 historin
703 444 799 500 votens
1209 458 1276 505 xvii

49 666 51 671 .
117 620 199 692 gestis
219 619 398 686 describendis
416 620 486 674 intcr
502 622 643 676 hIstoricos
661 624 791 677 meruisse
802 624 935 676 rideatur:
954 628 1027 678 tanta
1039 629 1080 678 est
1090 628 1275 696 perspicuitas,

117 712 190 761 tanta
210 709 264 761 stili
281 708 417 773 velocitas,
435 711 524 761 tantm
537 708 635 762 candor
647 710 813 775 narrationis,
833 709 895 762 dum
907 726 940 763 ne
952 726 984 763 ea
996 712 1109 779 quidem,
1128 728 1195 781 quae
1209 715 1275 768 forte

39 822 41 845 ;
116 795 200 847 minus
219 795 285 847 bene
304 795 396 862 gessit,
415 794 540 847 lectorem
559 797 635 849 celat.
673 796 753 848 Porro
774 797 835 848 liber
852 799 882 848 dc
902 798 963 849 bollo
981 798 1158 864 Alexandrino,
1177 816 1194 852 a
1212 816 1275 869 quo·

39 864 49 952 J
119 897 218 950 cunque
237 882 351 948 scriptus
370 883 419 945 est,
438 880 547 933 eandem
564 882 697 950 ingeniosi
714 897 852 950 rerumque
870 884 949 951 periti
967 886 1081 937 auctoris
1099 889 1188 938 notam
1201 903 1276 956 prae-

39 992 50 1028 χ
120 968 175 1032 fert,
199 967 245 1020 sed
263 968 358 1020 librum
377 969 407 1018 dc
426 968 488 1019 tello
506 968 629 1035 Africano
648 971 674 1021 et
691 968 867 1036 fragmentum
885 971 914 1020 dc
932 969 1095 1036 Hispaniensi
1112 988 1187 1025 nemo
1205 973 1276 1042 lege-

39 1084 41 1095 ·
118 1055 158 1118 rit,
177 1054 229 1106 nisi
247 1055 293 1121 qui
312 1055 390 1106 etiam
409 1069 443 1106 ex
456 1053 629 1107 deterioribus
643 1055 794 1107 auctoribus
807 1070 894 1108 rerum
906 1058 1039 1124 gestarum
1051 1058 1202 1112 testimonia
1214 1075 1276 1113 con·

39 1129 53 1151 ³
121 1141 219 1207 quirerc
238 1139 310 1192 velit.
331 1140 444 1203 (Extant
462 1141 532 1192 enim
552 1140 583 1192 de
596 1140 689 1192 iisdem
702 1142 789 1206 rebus,
809 1145 838 1194 ut
851 1157 930 1211 supra
941 1146 1091 1210 memoravi,
1108 1147 1161 1199 Dio
1176 1147 1277 1198 Osirim

78 1234 80 1238 '
120 1231 146 1278 et
161 1224 312 1292 Appianas.)
350 1228 481 1279 Plutarchi
504 1242 537 1278 ex
560 1226 637 1279 huius
660 1229 761 1295 periodi
784 1232 857 1297 parte
880 1231 1025 1296 posteriore
1051 1235 1113 1283 sunt
1130 1233 1199 1284 ritae
1217 1233 1276 1285 Scr-
1317 1284 1319 1287 ,

50 1366 52 1369 ,
117 1316 182 1377 'terii
200 1314 237 1364 Μ.
259 1314 354 1378 Crassi,
374 1313 416 1364 On.
434 1313 554 1380 Pompeii,
581 1313 712 1379 Ciceronis,
733 1315 856 1380 Caesaris,
878 1316 979 1368 Catonis
996 1319 1102 1382 minoris,
1125 1322 1181 1371 tum
1198 1320 1278 1372 Bruti

39 1414 44 1421 ”
120 1403 145 1452 ct
161 1401 274 1463 Antonii,
299 1415 362 1452 sane
380 1414 505 1468 perquam
529 1401 607 1452 utiles
631 1401 670 1453 ad·
686 1415 772 1454 mores
797 1402 900 1454 illorum
923 1403 1056 1456 hominum
1073 1405 1276 1472 pernoscendos.

38 1526 44 1549 ,Α
64 1486 67 1490 ’
107 1487 190 1558 1ιιιιιιι
208 1486 311 1555 generis
331 1487 488 1551 suricibus,
507 1503 572 1555 quas
584 1487 718 1539 Suetonius
730 1490 756 1539 et
772 1488 887 1541 Caesaris
900 1492 926 1541 et
939 1492 1048 1557 Augusti
1065 1494 1092 1543 et
1111 1492 1276 1560 sequentium

37 1560 48 1623 ζ’,
123 1574 304 1642 imperatorum
322 1573 483 1640 composuit,
508 1574 553 1641 qui
571 1588 630 1626 cum
655 1576 756 1643 etipse
775 1590 864 1627 eorum
882 1577 962 1628 vitam
980 1577 1106 1644 privatam
1124 1578 1276 1646 pariatque

40 1644 45 1721 ζ
90 1659 181 1724 Ἰ,ιιιιιο
202 1661 300 1712 maiore
324 1659 410 1711 studio
435 1674 512 1726 quam
535 1675 577 1712 res
600 1661 705 1728 publice
731 1665 819 1729 gestas
839 1666 995 1730 exponeret,
1019 1676 1072 1714 non
1095 1665 1231 1730 tantopere
1249 1663 1277 1716 id

87 1733 89 1735 ¹
107 1746 185 1814 egit,
208 1746 277 1813 quod
294 1746 466 1810 Plutarchus,
489 1749 519 1798 ut
537 1748 638 1799 animus
658 1747 791 1799 hominum
810 1748 1016 1815 perspiceretur,
1040 1749 1087 1800 sed
1105 1752 1134 1800 ut
1152 1744 1276 1802 lectorem

41 1844 61 1890 ἡ
82 1831 97 1881 ’.
118 1825 256 1900 'singularia
275 1833 359 1884 multa
377 1833 410 1885 ad
427 1833 531 1887 illorum
550 1834 630 1885 vitam
648 1834 806 1901 pertinentia
824 1832 938 1899 doceret,
957 1849 1023 1903 quae
1041 1834 1145 1887 aliunde
1157 1835 1276 1889 ueniere

58 1978 59 1981 Ἰ
109 1921 346 1988 cognoscerentur.
377 1919 418 1972 Ex
437 1935 487 1987 quo
506 1919 670 1989 intelligitur,
688 1921 829 1988 plurimum
847 1921 916 1972 hunc
935 1922 1097 1989 scriptorem,
1116 1921 1201 1974 sicubi
1214 1922 1276 1974 alio-

44 1992 46 1998 *
118 2022 171 2058 rum
188 2010 325 2059 auctorum
343 2021 422 2074 opera
441 2007 609 2070 accesserint,
633 2006 666 2058 ad
685 2010 833 2059 accuratam
851 2023 937 2060 rerum
955 2008 1131 2061 Romanarum
1149 2009 1277 2077 cognitio·

118 2108 174 2144 uem
191 2092 327 2161 prodesse.

116 2209 117 2212 =
184 2180 249 2233 Post
265 2196 382 2249 pugnam
401 2180 470 2248 apud
482 2177 587 2233 Actium
605 2181 718 2248 populus
731 2181 863 2234 Romanus
883 2182 938 2235 sire
957 2183 1045 2250 potius
1065 2182 1136 2235 orbis
1148 2186 1276 2236 terrarum

119 2270 184 2318 anias
202 2269 307 2319 dominia
325 2270 428 2319 arbitrio
447 2267 504 2334 regi
523 2270 631 2335 coeptus
651 2271 700 2333 est,
719 2270 764 2336 qui
776 2272 915 2336 postquam
929 2269 1022 2322 callide
1035 2283 1149 2322 summas
1161 2273 1276 2337 potesta·

120 2357 165 2420 tas,
184 2355 246 2407 olim
266 2355 429 2423 temporibus
449 2357 476 2406 et
493 2354 690 2423 magistratibus
709 2354 816 2419 divisas,
834 2355 863 2406 in
875 2370 904 2407 se
917 2371 968 2407 uno
982 2355 1125 2419 coniunxit,
1144 2369 1188 2407 eas
1201 2357 1277 2423 quasi

120 2455 162 2507 per
179 2457 270 2494 manus
292 2442 442 2494 successori
460 2455 507 2493 suu
526 2440 640 2493 tradidit.
671 2441 702 2494 Id
721 2442 838 2510 quamvis
856 2441 1012 2495 hereditario
1031 2441 1180 2507 inretierat,
1199 2445 1274 2496 retus

120 2531 202 2581 nmen
222 2529 327 2597 species
340 2528 511 2596 reipublicae
523 2529 627 2593 mansit,
647 2544 757 2597 cumque
770 2528 860 2597 populi
872 2530 1008 2581 contiones
1020 2529 1048 2580 in
1061 2532 1180 2582 senatum
1191 2533 1275 2583 trans·

120 2614 183 2667 latae
202 2618 304 2679 essent,
328 2615 360 2667 ab
378 2615 456 2667 buius
475 2615 629 2667 auctoritate
648 2630 723 2667 omne
741 2616 783 2668 ius
801 2615 904 2684 imperii
922 2620 967 2668 aut
984 2615 1208 2684 proficiscebatur,
1231 2621 1276 2670 aut

119 2701 249 2756 ridebatur
268 2704 341 2754 certe
359 2700 500 2769 proficisci.
542 2701 633 2769 ltaque
658 2702 841 2770 imperatorer,
867 2703 912 2771 qui
929 2703 1035 2771 tyranni
1061 2702 1144 2756 rideri
1166 2705 1274 2770 nollent,

119 2804 240 2843 memores
259 2789 408 2858 delegatam
427 2789 478 2842 sibi
497 2804 556 2841 esse
575 2804 703 2841 summam
721 2793 886 2857 potestatem,
908 2790 995 2842 omnia
1012 2805 1060 2857 per
1078 2793 1197 2844 senatum
1215 2807 1276 2861 ege·

119 2881 186 2942 runt,
210 2878 257 2931 sed
277 2892 338 2929 eum
356 2877 451 2944 partim
476 2877 588 2929 militum
606 2880 717 2940 terrore,
740 2878 835 2944 partim
859 2891 964 2929 suorum
983 2874 1168 2929 beneficiorum
1191 2879 1276 2946 gram

120 2964 221 3033 (quippe
240 2979 321 3032 quem
339 2979 392 3016 non
409 2964 500 3031 populi
518 2965 651 3033 suffragia,
670 2964 718 3017 sed
735 2963 898 3016 dominorum
910 2963 1030 3014 voluntas
1049 2962 1158 3030 legeret)
1176 2965 1213 3016 ita
1231 2963 1275 3016 de-

121 3051 233 3104 vinctum
252 3055 280 3104 et
299 3051 470 3102 constrictum
490 3054 621 3117 tenebant,
649 3051 760 3103 utillud
778 3048 944 3117 quodvulgo
963 3051 1071 3101 vocatur
1088 3050 1213 3101 cautium
1227 3069 1275 3116 pa-

94 3172 96 3176 ,
121 3138 214 3203 blicam,
237 3137 428 3206 magnitudinis
453 3139 532 3191 animi
555 3143 582 3192 et
600 3139 729 3192 libertatis
748 3138 904 3190 documenta
922 3150 1004 3203 paene
1023 3134 1106 3200 nulla,
1129 3136 1275 3188 innumera-

119 3223 176 3275 bilia
193 3225 287 3278 ioedae
308 3224 464 3278 adulationis
484 3225 603 3281 ediderit.
641 3225 695 3279 Sed
712 3228 742 3277 ut
760 3226 787 3277 in
805 3226 874 3277 riam
887 3222 1032 3286 redeamus,
1051 3233 1144 3274 sextam
1156 3223 1222 3277 hanc
1231 3242 1275 3290 pc-

82 3355 84 3359 ,
119 3313 207 3363 mium
225 3312 310 3365 blanci
328 3309 455 3364 Antonini
472 3315 555 3365 morte
579 3312 789 3376 terminavimus,
811 3314 950 3380 propterea
972 3309 1042 3377 quod
1061 3310 1176 3363 sedecim
1194 3311 1275 3378 impe·

119 3400 222 3463 ratores,
250 3399 298 3466 qui
316 3414 363 3467 per
381 3399 461 3452 hosce
480 3398 533 3452 210
550 3414 633 3452 annos
650 3400 689 3452 rei
707 3399 827 3468 publicae
845 3398 1024 3465 praefuerunt,
1048 3400 1151 3464 praeter
1168 3411 1275 3464 paucos,

119 3498 179 3550 quos
197 3486 291 3538 beluas
311 3485 398 3538 dicere
416 3486 501 3550 malis,
520 3500 598 3554 quam
615 3487 743 3551 homines,
762 3488 893 3555 legitimae
912 3485 992 3548 illius,
1012 3484 1043 3535 de
1062 3499 1114 3551 qua
1131 3498 1211 3551 supra
1222 3498 1276 3535 me·

118 3574 221 3638 morari,
240 3574 382 3641 potestatis
401 3574 517 3641 speciem
534 3575 705 3639 retinuerunt,
725 3577 751 3626 et
764 3578 870 3626 senatus
889 3573 1078 3635 auctoritatem,
1096 3571 1149 3622 nisi
1161 3569 1230 3638 quod
1243 3569 1276 3622 ad
1370 3598 1378 3611 ·

119 3659 226 3712 militum
244 3661 385 3728 imperium
403 3661 553 3728 pertineret,
572 3662 701 3729 integram
714 3664 861 3725 servarunt:
880 3662 971 3713 contra
983 3658 1147 3726 sequentium
1158 3658 1275 3726 plerique

118 3745 182 3799 inter
199 3748 292 3803 turbas
310 3747 437 3800 militares
457 3748 490 3800 ad
509 3763 636 3801 summam
654 3749 807 3817 dignitatem
826 3748 924 3811 crecti,
948 3761 1027 3798 unam
1044 3745 1083 3797 rei
1100 3745 1226 3812 publicae⁸
1240 3746 1275 3797 le·
1342 3734 1345 3739 Δ

118 3836 219 3901 gemin
238 3850 288 3887 sua
307 3835 440 3888 voluntate
459 3837 573 3904 positam
593 3835 784 3899 existimarunt,
803 3838 831 3886 et
848 3834 951 3887 senatui
969 3833 1095 3897 Romano,
1114 3849 1130 3884 a
1148 3848 1199 3901 qua
1211 3833 1275 3885 urbe

117 3922 204 3987 procul
222 3922 279 3990 ipsi
298 3923 390 3975 abesse
409 3922 537 3986 solebant,
556 3922 641 3974 nullas
660 3923 688 3974 in
706 3938 735 3974 re
753 3922 859 3990 publica
877 3936 936 3973 osse
948 3922 1036 3988 partas
1049 3920 1194 3974 voluerunt.
1225 3919 1275 3971 Re·

117 4022 170 4061 rum
189 4014 327 4078 gestarum
345 4010 478 4061 auctorem
496 4007 654 4076 locupletem
672 4024 719 4077 per
736 4011 818 4061 totam
835 4009 902 4061 hano
915 4011 1026 4061 aetatem
1036 4000 1095 4059 t'uto
1108 4021 1276 4075 sequeremur

116 4095 217 4149 monem
239 4098 361 4162 Casuum,
382 4097 406 4149 si
422 4097 555 4164 integrum
573 4097 630 4148 eius
649 4110 714 4164 opus
734 4095 810 4148 hodie
829 4099 987 4163 superesset.
1012 4095 1085 4155 ,Sed
1102 4097 1163 4163 post
1180 4092 1275 4144 librum

61 4239 62 4242 ,
117 4180 149 4235 54
167 4185 200 4246 (a
213 4183 277 4237 (ihr.
295 4184 339 4248 10)
357 4185 527 4252 insequentes
546 4183 606 4235 libri
625 4197 681 4247 serr,
700 4183 794 4250 quibus
813 4182 849 4235 70
861 4197 987 4234 annorum
997 4181 1107 4235 historia
1120 4179 1275 4240 continetur,

116 4271 199 4322 mutili
216 4274 244 4323 et
262 4270 354 4322 multis
373 4270 439 4323 locis
459 4270 525 4322 male
545 4269 673 4321 contracti
691 4269 814 4337 leguntur
832 4269 974 4337 (imprimis
993 4269 1021 4320 in
1039 4268 1114 4321 annis
1133 4261 1274 4318 tat-757

118 4369 141 4407 u.
159 4371 191 4423 o.,
210 4357 226 4409 'l
246 4373 272 4409 a.
287 4356 347 4410 Chr.
358 4358 419 4409 -4
438 4360 500 4426 post
512 4354 593 4421 Chr),
611 4357 672 4423 post
684 4355 719 4410 60
736 4371 798 4409 roro
817 4356 911 4409 librum
930 4356 973 4418 (ab
991 4369 1059 4407 anno
1078 4353 1113 4406 60
1129 4353 1191 4420 post
1203 4347 1275 4411 Chr.)

117 4455 196 4511 usque
215 4445 250 4496 ad
268 4443 349 4496 tinem
367 4444 432 4496 nihil
450 4445 572 4513 superest
589 4444 641 4495 nisi
659 4446 760 4510 epitome
778 4443 915 4510 Xiptilici,
935 4457 1011 4510 quem
1030 4441 1142 4505 constat,
1162 4440 1274 4501 servata,

117 4534 239 4598 quantum
257 4530 317 4584 fieri
334 4533 435 4603 posset,
452 4531 546 4585 Dionis
565 4533 694 4596 cratone,
719 4531 767 4585 sed
789 4531 883 4584 recisis
902 4542 1072 4597 quaecunque
1089 4524 1142 4595 ipsi
1159 4536 1212 4576 non
1230 4538 1275 4578 ne·

1034 4613 1066 4646 b*
1252 4605 1258 4617 ⁸
