3062 5064
628 439 743 495 historiae
759 442 854 494 veteris.
1276 458 1321 502 xv

232 620 326 690 Itaque
340 621 447 689 primaru
465 631 489 674 et
506 622 609 675 abacia
625 624 751 689 modum
768 623 893 676 historiae
911 618 1043 678 Romanae
1061 637 1144 692 usque
1162 623 1195 676 ad
1214 638 1320 678 concor-

161 710 233 763 diam
251 709 372 763 ordinum
389 710 537 762 restitutam
561 710 599 771 (s.
612 726 635 762 a.
650 709 710 762 (lhr.
727 709 789 775 366,
807 726 833 762 ιι.
846 725 869 762 c.
882 708 948 772 388)
973 725 1006 762 ex
1024 710 1094 763 Liuii
1110 711 1184 764 libris
1203 726 1251 763 sex
1268 702 1321 780 prii

162 798 214 850 mis
232 797 357 865 petimus,
375 796 419 848 cui
435 810 519 863 usque
537 795 571 848 ad
589 812 685 849 annum
703 813 726 849 a
740 795 800 850 Ohr.
813 795 875 861 443,
894 811 919 848 ιι.
933 811 955 848 c.
969 795 1030 861 311,
1049 797 1214 865 adiungimus
1226 799 1321 866 Diony·

162 887 226 938 dam
237 885 491 947 Heliconidum,
511 881 641 935 Graecum
660 883 824 951 scriptorem,
843 884 917 935 cuius
932 883 962 935 ll
982 883 1043 936 libri
1059 884 1160 951 priores
1173 888 1319 952 supersunt,

164 987 226 1024 cum
244 970 339 1039 viginti
357 969 389 1022 de
407 969 486 1022 rebus
504 968 630 1022 Romanis
649 985 732 1038 usque
750 969 784 1022 ad
801 971 912 1037 primum
930 969 1027 1022 bellum
1039 971 1174 1035 Punicum,
1193 970 1261 1022 unde
1273 971 1322 1022 Po-

164 1057 253 1125 lybius
271 1055 378 1124 incipit,
403 1055 612 1123 conscripsisset.
649 1056 729 1109 Initia
746 1058 832 1125 gentis
851 1071 994 1124 regumque
1012 1056 1147 1109 historiam
1165 1058 1265 1121 Livius,
1284 1057 1322 1109 uti

165 1143 278 1196 decebat
296 1143 324 1194 in
341 1144 416 1194 tanta
433 1143 515 1209 prisci
532 1143 657 1210 temporis
678 1143 846 1208 obscuritate,
864 1145 978 1196 brevitor
996 1158 1026 1196 ao
1039 1144 1186 1197 verecunde
1200 1144 1322 1207 narrarit,

164 1231 306 1297 Dionysiae
320 1228 376 1280 suis
394 1231 486 1296 captus
506 1229 686 1296 opinionibus,
709 1230 786 1297 quasi
809 1231 897 1283 omnia
914 1231 994 1283 sciret
1012 1234 1038 1283 et
1057 1230 1191 1298 explorata
1207 1230 1322 1293 haberet,

165 1317 194 1367 in
214 1313 305 1368 eadem
323 1329 408 1366 rerum
427 1314 553 1366 inanitate
577 1318 730 1383 arroganter
752 1330 781 1367 se
798 1316 914 1369 iactavit.
954 1317 985 1370 In
1009 1319 1089 1369 altera
1104 1318 1207 1383 periodo
1224 1317 1251 1368 et
1268 1331 1323 1368 cer-

167 1401 311 1454 taminibus
329 1404 432 1469 patrum
449 1415 481 1452 ac
499 1400 585 1467 plebis
602 1401 780 1455 describendis
792 1403 882 1455 Liuius
893 1404 1063 1456 similitudine
1075 1404 1244 1473 certaminum
1254 1403 1323 1454 inter

168 1489 307 1556 optimates
327 1503 358 1540 ac
375 1487 523 1556 populares,
542 1487 637 1555 quibus
655 1489 739 1556 ipsius
758 1493 830 1542 aetas
843 1505 973 1543 concussa
985 1494 1049 1555 erat,
1068 1491 1199 1557 abreptus,
1218 1487 1252 1541 ad
1263 1504 1323 1541 eau-

170 1575 230 1628 dem
249 1574 376 1626 rationem
394 1574 494 1641 priscas
513 1573 572 1626 illas
592 1575 735 1629 seditiones
754 1578 851 1645 exegit,
869 1577 961 1630 sedin
980 1593 1011 1630 ea
1028 1592 1056 1629 re
1076 1577 1159 1629 semet
1177 1576 1234 1643 ipse
1253 1575 1323 1628 cohi-

170 1662 260 1713 buisse
275 1659 388 1723 ridetur,
406 1674 439 1711 ne
457 1661 569 1728 amplius
587 1676 665 1729 quam
683 1666 829 1727 exornaret,
848 1663 917 1731 quod
934 1664 962 1714 in
979 1662 1166 1715 uetustioribus
1187 1661 1322 1714 annalibus

170 1749 324 1801 inuenisset:
345 1745 475 1799 Graecum
493 1762 555 1799 roro
574 1748 728 1815 scriptorem
746 1749 823 1802 hodie
834 1748 920 1802 ridere
931 1749 1019 1812 liceat,
1038 1749 1082 1816 qui
1094 1748 1236 1800 innutritus
1249 1747 1323 1800 scho-

169 1834 269 1887 lasticis
291 1834 425 1886 rhetorum
447 1834 580 1891 exercitiis
603 1837 688 1888 totum
710 1835 776 1888 illud
797 1838 978 1905 argumentum
997 1833 1030 1887 ad
1048 1834 1248 1887 ostentationem
1270 1833 1323 1887 elo·

168 1922 290 1990 quentiae
306 1921 473 1973 converterit.
503 1920 603 1973 Vereor
620 1937 653 1974 ne
671 1922 721 1974 hoc
739 1923 865 1975 iudicium
883 1937 969 1975 meum
987 1921 1020 1973 de
1037 1922 1164 1989 scriptore
1177 1919 1256 1988 uulgo
1269 1921 1323 1973 lsu-

167 2008 246 2061 dibus
263 2007 396 2061 cumulato
413 2006 502 2059 multis
521 2008 643 2060 acerbum
661 2007 793 2074 videatur,
816 2024 901 2078 neque
919 2022 988 2076 nego
1006 2007 1087 2059 multa
1105 2007 1138 2059 ad
1156 2008 1323 2075 antiquitates

160 2095 300 2147 uomina
317 2092 515 2161 cognoscendas
538 2094 613 2146 utilis
630 2110 664 2147 err
687 2110 717 2147 eo
740 2097 837 2164 repeti,
862 2094 996 2148 sedidem
1013 2092 1132 2161 intelligo
1155 2096 1242 2146 actum
1264 2109 1323 2147 esse

167 2181 201 2234 de
219 2181 290 2234 omni
307 2180 424 2244 historia,
442 2180 467 2233 si
484 2194 518 2233 ex
535 2181 664 2234 eiusmodi
682 2182 852 2249 scriptoribus
872 2182 935 2234 solis
948 2184 1019 2234 esset
1032 2181 1164 2234 discenda
1194 2182 1325 2234 Plutarchi

167 2283 203 2320 ex
220 2269 331 2334 utraque
348 2266 456 2334 periodo
474 2270 536 2319 sunt
554 2268 622 2320 ritae
639 2268 747 2333 Romul,
766 2268 871 2332 Numae,
889 2269 1040 2334 Poplicolae,
1061 2268 1195 2333 Coriolani,
1217 2269 1323 2333 Camilli,

167 2369 235 2423 quas
253 2355 321 2406 inter
337 2353 452 2421 reliquas
469 2354 577 2405 minimo
596 2352 839 2420 commendaverim,
857 2358 996 2424 propterea
1010 2355 1080 2422 quod
1091 2354 1162 2406 illius
1175 2356 1268 2408 aetatis
1281 2370 1324 2408 res

167 2441 305 2494 Plutarchi
323 2441 379 2493 sire
396 2441 503 2508 ingenio
522 2440 578 2493 sive
598 2441 730 2494 scribendi
748 2442 840 2510 generi
858 2455 911 2493 non
930 2457 992 2494 sane
1005 2442 1126 2494 uidentur
1144 2442 1305 2495 convenisse.

244 2528 353 2580 Tertiam
371 2528 498 2593 periodum
521 2530 626 2580 centum
648 2543 774 2581 annorum
796 2528 920 2592 fecimus,
944 2528 1038 2595 quibus
1061 2528 1173 2596 populus
1192 2529 1324 2583 Romanus

168 2615 312 2669 concordia
329 2614 424 2666 cisium
442 2613 625 2666 corroboratus
643 2618 764 2667 cunctam
776 2615 887 2679 Italiam,
906 2629 973 2682 quae
991 2615 1095 2683 proprie
1113 2613 1216 2679 dicitur,
1233 2616 1261 2666 in
1279 2630 1324 2683 po·

168 2704 294 2754 testatem
312 2716 385 2753 suam
404 2700 514 2768 redegit
547 2699 628 2752 Cuius
646 2702 771 2754 maiorem
789 2705 890 2769 partem
908 2715 991 2768 usque
1010 2700 1043 2753 ad
1055 2716 1151 2754 annum
1164 2718 1186 2754 a,
1200 2701 1259 2754 Chr.
1272 2701 1325 2756 293

170 2805 205 2841 ex
221 2790 294 2841 Livii
310 2789 384 2842 libris
403 2788 428 2841 7.
447 2787 472 2840 8.
492 2788 518 2841 9.
538 2787 571 2840 10
589 2788 783 2855 cognoscimus,
807 2788 877 2856 qnod
895 2791 1015 2856 superest
1038 2792 1065 2840 et
1082 2789 1209 2857 imprimis
1228 2788 1325 2841 bellum

69 2881 72 2886 ’
169 2891 230 2927 cum
246 2876 347 2943 Pyrrho
365 2890 429 2944 rege
448 2878 552 2943 gestum
570 2888 604 2926 er
621 2873 674 2926 illis
693 2874 832 2942 periochis,
850 2890 959 2942 quarum
977 2889 1056 2942 supra
1072 2875 1170 2928 montio
1188 2874 1258 2927 facta
1275 2878 1324 2938 est,

170 2965 198 3015 et
216 2977 250 3015 ex
267 2963 399 3016 Plutarchi
417 2962 483 3015 libro
505 2961 537 3013 de
554 2961 609 3013 rita
626 2960 719 3028 Penii
735 2961 875 3029 colligitur.

245 3049 365 3109 (ὶιιανιαηι
385 3050 512 3115 periodum
535 3062 661 3100 annorum
680 3046 732 3100 120
753 3062 836 3115 usque
859 3048 892 3099 ad
915 3045 1098 3116 Carthaginem
1122 3047 1325 3115 Corinthumque

171 3137 276 3189 excisas
294 3151 348 3189 non
371 3134 500 3188 immerito
523 3133 615 3187 florem
637 3133 766 3202 quendam
790 3136 881 3204 populi
898 3135 1010 3188 Romani
1026 3135 1108 3187 fuisse
1126 3134 1248 3198 dicimus,
1273 3149 1325 3202 quo

171 3228 298 3292 tempore,
315 3224 377 3276 dum
395 3239 423 3276 re
441 3222 547 3290 publica
564 3222 635 3275 domi
652 3222 750 3290 optime
767 3225 911 3290 temperata
928 3223 1011 3276 utitur
1027 3221 1070 3285 (de
1089 3236 1140 3289 qua
1151 3237 1179 3274 re
1191 3221 1325 3275 conferen-

171 3309 221 3362 dus
240 3310 343 3378 Polybii
360 3310 427 3363 liber
445 3308 555 3373 sextus),
574 3309 644 3361 orbis
662 3312 789 3362 terrarum
807 3310 945 3378 imperium
963 3311 1100 3361 assecutus
1119 3311 1161 3362 est
1178 3308 1325 3378 dignusque

171 3401 228 3450 erat
246 3400 291 3465 qui
308 3400 498 3465 assequeretur.
528 3396 593 3450 llius
612 3400 705 3452 aetatis
724 3398 959 3466 locupletissimum
976 3398 1109 3448 auctorem
1121 3399 1148 3449 et
1160 3411 1219 3449 vere
1231 3399 1326 3449 testem
1410 3463 1412 3467 Ι

169 3486 273 3538 retems
290 3484 437 3537 hahuerunt
453 3484 581 3551 Polybium
598 3485 858 3553 Megalopolitanum,
884 3498 934 3536 usu
951 3483 990 3535 rei
1007 3483 1127 3535 militaris
1146 3482 1275 3547 edoctum,
1300 3484 1327 3535 et

171 3588 233 3625 cum
251 3571 321 3626 domi
339 3585 401 3624 suae
423 3570 492 3622 inter
509 3571 642 3639 principes
664 3572 815 3636 haberetur,
837 3572 913 3623 iussu
935 3572 1041 3622 senatus
1060 3569 1169 3622 Romam
1190 3572 1327 3648 euocatum

171 3660 262 3728 ibique
279 3658 426 3724 detentum,
449 3659 495 3726 qui
512 3657 548 3711 40
565 3658 640 3711 libris
664 3658 800 3711 historiam
822 3657 893 3710 orbis
911 3661 1038 3711 terrarum
1055 3673 1102 3725 per
1119 3655 1185 3708 illud
1201 3656 1326 3724 temporis

171 3749 286 3817 spatium
304 3748 342 3799 ita
363 3745 527 3815 perscripsit,
546 3747 576 3797 ut
593 3744 758 3813 potissimum
776 3745 867 3813 populi
885 3745 996 3797 Romani
1013 3759 1116 3811 semper
1132 3743 1260 3795 rationem
1276 3742 1327 3795 sibi

169 3833 316 3888 habendam
334 3834 508 3887 omstimaret:
527 3847 587 3884 nam
606 3847 666 3884 cum
683 3832 767 3899 ipsius
786 3831 910 3885 historiae
928 3832 1032 3884 initium
1050 3847 1067 3883 a
1082 3830 1152 3883 bello
1167 3830 1268 3882 Punico
1286 3844 1327 3882 se·

170 3921 258 3977 cundo
275 3921 392 3974 facturus
411 3921 491 3982 esset,
510 3932 561 3985 quo
579 3919 608 3970 id
619 3919 716 3972 maiore
735 3934 795 3971 cum
805 3918 893 3973 fructu
904 3919 1031 3971 lectorum
1042 3916 1147 3982 faceret,
1167 3917 1243 3985 quasi
1253 3931 1327 3984 prae·

168 4010 314 4079 parationis
333 4009 392 4062 loco
409 4007 512 4082 duobus
534 4006 664 4075 prioribus
687 4007 761 4059 libris
785 4007 871 4058 bellum
887 4007 990 4072 primm
1007 4005 1133 4068 Punicum,
1157 4007 1184 4056 et
1200 4004 1327 4071 Illyricum

10 4091 13 4102 '
59 4091 62 4096 ’
169 4096 216 4161 (de
235 4111 287 4164 quo
304 4097 369 4149 item
387 4099 460 4148 extat
477 4095 589 4162 Appiani
606 4094 746 4162 singularis
764 4092 879 4155 libellus)
898 4096 926 4145 et
946 4092 1069 4146 Gallicum
1086 4092 1224 4145 enarmrit.
1250 4091 1326 4143 Hunc

168 4187 261 4239 Livius
279 4185 317 4237 ita
335 4187 395 4236 ante
413 4184 505 4237 oculos
522 4183 625 4247 habuit,
650 4187 680 4235 ut
697 4182 754 4235 eius
774 4180 955 4234 auctoritatem
972 4181 1000 4233 in
1018 4180 1096 4233 rebus
1115 4180 1217 4233 bellicis
1235 4192 1326 4247 presso

169 4273 238 4343 pede
257 4275 418 4340 sequeretur,
438 4274 539 4324 ceteras
557 4286 599 4324 res
618 4285 652 4323 er
670 4270 802 4322 annalium
821 4269 904 4337 copiis
924 4267 1039 4332 adderet,
1059 4269 1146 4320 omnia
1163 4266 1259 4320 eximia
1270 4278 1327 4315 ora·

167 4361 251 4414 tionis
270 4360 401 4429 elegantia
419 4362 530 4412 ornaret.
567 4358 629 4423 Sed,
648 4358 713 4426 proh
731 4356 813 4421 dolor,
832 4370 881 4408 neo
898 4356 998 4423 Publii
1014 4355 1139 4407 libro'rum
1157 4352 1209 4404 nisi
1224 4349 1241 4403 5
1254 4349 1326 4421 prio-

168 4464 214 4503 res
232 4447 330 4518 integri
346 4447 444 4501 serrati
461 4449 522 4499 sunt
540 4445 633 4514 (nsque
650 4444 684 4497 ad
701 4459 816 4512 pugnam
828 4442 1011 4506 Cannensem),
1031 4439 1194 4510 sequentium
1211 4437 1265 4490 nisi
1281 4451 1326 4490 ex·

169 4542 271 4611 cerpta,
288 4536 403 4607 insignia
421 4534 534 4604 quidem,
553 4533 601 4588 sed
617 4531 764 4602 fragments
779 4534 868 4584 tamen
885 4531 984 4595 extant,
1002 4542 1052 4583 nec
1064 4526 1134 4580 Livii
1150 4523 1275 4582 muriae
1292 4524 1326 4582 ub
