3062 5064
591 420 739 473 anasum
756 422 863 473 nonu.
1269 425 1303 488 rs

197 651 370 706 heniensium
393 666 453 706 cum
469 651 554 706 Nelea
576 652 747 707 e'l’hesseiia
765 653 939 722 proiectorum
961 654 990 707 in
1013 652 1152 718 Timum,
1185 611 1202 640 ι
1217 599 1268 640 cnr,
1280 612 1303 642 ιι.

199 738 342 792 eorumque
366 724 445 777 duces
468 724 588 778 Bianlem
610 728 637 776 et
659 725 858 794 Melampodem,
881 724 950 778 filios
972 723 1152 792 Amythaonis,

196 797 226 848 in
243 796 320 864 regni
335 796 528 849 consortionem
545 796 651 863 recepit

160 866 267 920 Biantis
286 882 320 918 ex
337 867 413 930 Pero,
437 866 512 919 Nelei
529 866 556 929 f,
583 867 677 918 Talaus
694 865 773 929 iilius,
798 866 873 919 Talai
889 868 1021 930 Adrastus,
1046 865 1152 919 Parthe-

198 953 331 1006 nopaeus,
355 938 507 1001 Mecisteus‚
530 938 654 1006 Eriphyle
673 937 758 1000 (uxor
774 936 937 1004 Amphiarai,
961 938 1006 1006 qui
1027 936 1077 989 iuit
1093 951 1152 1004 pro·

196 1023 280 1076 nepos
299 1009 479 1076 Melampodis,
498 1008 552 1060 vid,
568 1008 643 1061 Hom.
664 1008 758 1075 Odyss.
780 1008 821 1072 15,
840 1007 916 1070 242),

159 1078 292 1132 Adrastus
315 1078 383 1132 filias
407 1080 515 1147 Argiam
537 1078 669 1146 Polynici,
692 1077 828 1146 -Deipylen
851 1079 955 1145 Tydeo,
984 1078 1065 1133 Oenei
1088 1077 1151 1142 filio,

197 1154 308 1218 nuptum
332 1150 384 1203 dat.
426 1149 490 1202 Cum
512 1149 583 1203 filius
603 1149 743 1218 Aegialeus
767 1151 796 1202 in
819 1150 888 1204 hello
908 1149 988 1202 Theb.
1008 1149 1090 1201 altero
1109 1164 1151 1200 oc·

197 1221 343 1284 cubuisset,

158 1294 302 1355 Diomedes,
321 1291 406 1358 Tydei
422 1289 501 1353 filius,
530 1290 608 1343 ducta
625 1291 653 1342 in
671 1291 862 1343 matrimonium
880 1290 1014 1359 Aegidae,
1031 1288 1151 1359 Aegialei

196 1362 260 1427 filia,
279 1362 385 1430 Argivis
403 1363 432 1414 in
451 1361 519 1414 hello
539 1362 651 1414 Troiano
670 1365 780 1429 praeest.

143 1537 169 1592 3.
199 1538 290 1603 Pelops
308 1553 341 1589 ex
359 1536 424 1589 Asia
436 1534 550 1604 (Sipylo)
563 1536 651 1589 Pisam
663 1537 735 1589 uenit
747 1537 778 1588 ad
792 1537 959 1600 Oenomaum,
978 1538 1052 1588 cuius
1070 1535 1150 1587 filiam

200 1608 402 1676 Hippodamiam
425 1623 502 1659 curru
526 1607 628 1670 (fraude
652 1608 764 1674 Myrtili)
791 1610 886 1659 rictam
909 1609 936 1658 in
959 1607 1150 1658 matrimonium

203 1679 272 1730 ducit
290 1682 317 1730 et
334 1695 443 1746 regnare
462 1679 548 1746 coepit
565 1679 592 1729 in
610 1679 799 1746 Peloponneso,
818 1694 883 1745 quae
902 1678 933 1730 ab
953 1693 983 1730 eo
1003 1678 1072 1729 dicta
1090 1679 1132 1728 est
1183 1674 1283 1739 (1320)

159 1750 227 1803 Eius
246 1749 357 1801 filiorum
376 1750 489 1800 Pittheus
502 1749 634 1801 Troezene
649 1753 748 1817 regnat,
767 1751 858 1799 Atreus
870 1752 896 1800 et
912 1749 1026 1816 Thyestes
1038 1749 1149 1814 primum

196 1820 307 1884 Mideae,
327 1820 420 1873 deinde
439 1821 466 1871 in
478 1819 619 1886 Eurysthei
638 1835 745 1887 regnum
760 1820 927 1886 Mycenarum
946 1818 1079 1871 affirritatis
1093 1819 1148 1870 iure

197 1892 268 1953 (cum
286 1891 407 1959 Nicippe,
426 1906 514 1942 eorum
533 1905 615 1953 soror,
634 1889 773 1957 Eurysthei
792 1894 873 1942 mater
892 1889 975 1953 esset)
994 1889 1147 1943 succedunt.

156 1962 235 2017 Atrei
255 1977 287 2013 ex
306 1962 408 2029 Aerope
426 1961 531 2024 (Oatrei
548 1960 566 2012 f.
584 1961 677 2012 Minois
698 1961 788 2028 nepte)
811 1960 859 2012 filii
885 1960 1021 2025 (nonnulli
1040 1963 1148 2028 nepotes

196 2033 288 2084 dicunt
312 2032 394 2084 fuisse
413 2037 439 2085 et
457 2031 599 2084 Plisthenis
618 2030 703 2093 filios)
722 2034 886 2099 Apamemnou
905 2036 931 2084 et
949 2033 1077 2085 Menedrus
1096 2047 1148 2082 ma-

193 2104 276 2155 iorem
288 2102 463 2170 Peloponnesi
476 2107 574 2170 partem
587 2106 684 2167 teuent,
703 2102 910 2170 quandoquidem
923 2104 1056 2155 Menelaus
1070 2103 1148 2171 Spar·

193 2177 237 2226 tae
257 2177 358 2239 regnat,
378 2173 510 2241 Tyndarei
528 2174 598 2241 regis
617 2172 671 2224 iilia
690 2173 789 2225 Helena
807 2175 892 2226 ducta.

155 2241 442 2312 Agamemnon,'Troia
451 2249 526 2311 capta
536 2259 663 2307 reversus,
677 2244 736 2296 dolo
746 2246 862 2311 Aspistii
871 2244 1005 2313 patruelis,
1016 2244 1148 2312 Thyestae

195 2313 253 2378 filii,
272 2319 298 2367 et
318 2316 540 2382 Clytaemnestrae
560 2316 679 2382 coniugis
698 2315 851 2367 interficitur
1183 2319 1281 2383 (1183)

156 2385 213 2440 Sed
237 2401 297 2437 eum
321 2386 457 2438 ulciscitur
478 2387 574 2437 Orestes
597 2386 665 2453 apud
684 2386 835 2454 Strophium
853 2387 1028 2450 Phocensem,
1052 2386 1146 2437 amitae

194 2457 325 2519 maritum,
345 2457 462 2520 eductus,
481 2460 572 2508 octavo
592 2472 659 2509 anuo
677 2460 738 2524 post
898 2522 901 2528 Δ
1180 2458 1281 2525 (1176)

157 2530 186 2580 et
204 2527 354 2591 Hermione,
377 2527 487 2579 Menelai
507 2532 533 2579 et
551 2527 666 2579 Helenae
685 2527 712 2592 f,
737 2528 815 2580 ducta
833 2528 866 2579 ad
884 2530 1020 2595 paternum
1037 2543 1147 2595 regnum

193 2598 362 2664 Mycenarum
385 2599 504 2666 adiungit
521 2598 679 2650 Laconicum
703 2602 728 2650 et
754 2599 892 2668 Argivum,
916 2599 1012 2666 dinque
1036 2598 1148 2652 feliciter

193 2672 288 2737 regnat
305 2684 388 2735 usque
406 2670 439 2721 ad
457 2686 480 2720 a.
1180 2671 1280 2735 (1126)

154 2738 223 2792 Eius
241 2738 311 2808 iilius
330 2745 357 2793 et
374 2754 511 2793 successor
532 2738 673 2791 Tisamenus
691 2741 723 2793 ab
741 2738 887 2793 Heraclidis
905 2740 998 2808 pulsus
1125 2774 1128 2778 -
1182 2742 1279 2805 (1104)

136 2908 364 2968 HELLENUM
376 2929 449 2982 gens,
474 2930 488 2966 e
506 2914 642 2968 Thessalia
660 2915 789 2984 proiecta,
812 2915 864 2967 late
883 2913 1049 2982 dispergitur,
1073 2919 1100 2967 et
1118 2916 1146 2967 in

175 2987 250 3039 emni—
268 2985 386 3049 Graecia,
410 2990 520 3052 excepta
538 2987 662 3049 Arcadia,
687 3002 745 3038 cum
763 2987 895 3038 veteribus
918 2986 1012 3037 incolis
1030 2986 1068 3037 ita
1085 3000 1145 3038 con-

175 3058 306 3125 iungitur,
335 3061 364 3108 ut
386 3056 523 3108 Hellenum
547 3062 573 3110 et
596 3072 689 3110 nomen
713 3061 740 3109 et
767 3056 859 3125 lingna
883 3056 1009 3122 paulatim
1031 3059 1144 3124 superet,

175 3144 226 3180 nec
244 3128 298 3180 ulla
314 3127 369 3180 iere
387 3128 480 3180 civitas
499 3128 548 3191 sit,
571 3143 637 3196 quae
655 3142 707 3179 non
726 3132 845 3179 auctores
864 3127 1064 3194 conditoresque
1083 3141 1144 3180 suos

176 3199 210 3251 ad
228 3199 410 3266 cognationem
428 3204 474 3250 aut
491 3203 561 3251 certe
580 3198 731 3251 affinitatem
751 3199 826 3251 huius
846 3198 932 3266 gentis
951 3198 1053 3250 referat.

137 3269 206 3323 Nam
226 3271 372 3332 Deucalion,
391 3269 409 3320 f.
430 3269 583 3333 Promethei,
609 3276 670 3337 post
687 3270 812 3322 dilnvium
831 3284 845 3320 e
864 3269 993 3321 Parnasso
1012 3273 1098 3321 monte
1115 3268 1144 3321 in

177 3340 340 3393 Thessaliam
359 3340 521 3392 adiacentem
534 3340 700 3393 descendisse
712 3342 800 3408 ibique
813 3340 889 3392 sedes
902 3340 1022 3407 posuisse
1036 3340 1125 3393 lerttu.

44 3407 47 3411 ’
136 3411 203 3464 Eius
224 3415 251 3462 et
263 3411 386 3479 Pyrrhae,
405 3410 551 3478 Epimethei
569 3427 602 3463 ex
620 3412 739 3463 Pandora
757 3411 833 3474 filiae,
851 3410 900 3462 filii
913 3411 1033 3463 dicuntur
1043 3412 1144 3474 Hellen,

176 3497 191 3533 a
210 3496 261 3549 quo
280 3497 373 3535 nornen
392 3482 464 3549 genti
482 3482 615 3533 inventum
634 3483 715 3546 aiunt,
734 3486 760 3535 et
778 3483 946 3549 Amphictyon.

135 3553 257 3606 Hellenis
275 3552 324 3604 filli
341 3553 441 3615 Aeolus,
459 3553 551 3615 Dorus,
570 3553 684 3616 Xuthus,
703 3557 729 3605 et
746 3554 823 3606 huius
841 3554 887 3603 lou
906 3557 933 3604 et
948 3553 1071 3615 Achaeus,
1090 3551 1143 3603 siu·
1227 3560 1230 3565 ’

175 3623 294 3691 gularum
314 3623 429 3690 gentium
448 3628 568 3675 auctores
588 3624 629 3676 rel
648 3625 705 3692 ipsa
724 3625 836 3675 nomina.

137 3729 164 3781 1.
192 3727 316 3780 AEOLI
329 3727 377 3780 filii
395 3732 504 3796 septem,
528 3726 597 3781 filiae
616 3730 729 3796 quinque
747 3730 987 3791 commemorantur,
1013 3743 1059 3795 per
1076 3720 1141 3795 quos

191 3798 300 3851 Aeolica
319 3800 410 3867 generi
428 3800 565 3866 pleraeque
580 3799 704 3852 Graeciae
724 3799 933 3866 septentrionalis
951 3798 1141 3866 nonnullaeque

192 3870 368 3937 Peloponnesi
387 3871 506 3922 civitates
526 3869 695 3937 applicantur.

155 3973 188 4037 a)
210 3974 325 4026 Cretheus
343 3974 432 4026 lolcon
451 3975 478 4027 in
492 3975 629 4026 Thessalia
647 3974 771 4038 condidit,
790 3975 864 4025 cuius
882 3976 908 4025 et
921 3973 1007 4041 Tyrus
1020 3973 1067 4026 filii
1080 3976 1141 4026 sunt

209 4044 308 4106 Aescu,
332 4046 487 4112 Amythaon,
511 4045 615 4098 Pheres.
652 4046 755 4097 Amasis
773 4044 842 4097 filius
861 4045 943 4095 Iusota
981 4047 1141 4113 Amythaonis

209 4114 258 4167 filii
281 4116 349 4166 Bias
373 4122 399 4167 et
424 4117 563 4182 Melampus
585 4132 643 4168 cum
668 4117 749 4169 Neleo
777 4116 855 4167 fratre
882 4117 910 4167 in
933 4116 1141 4183 Peloponnesum

207 4184 409 4253 proficiscuntur
426 4191 453 4238 et
470 4194 570 4255 partem
588 4189 661 4256 regni
680 4187 771 4256 Argivi
789 4190 886 4239 teuent
915 4187 1006 4238 Pieres
1024 4187 1141 4240 condidit

208 4256 320 4320 Pheras,
343 4257 497 4310 Thessaliae
520 4260 622 4323 urbem,
644 4258 777 4327 filiumque
801 4259 879 4311 habet
901 4259 1040 4323 Admetum,
1065 4258 1139 4309 cuius

180 4341 275 4378 ‘uxor
293 4328 416 4391 Alcestis,
435 4329 452 4380 i.
471 4329 566 4381 Peliae.
1049 4338 1051 4341 '
1080 4339 1084 4348 ·

154 4395 185 4459 ὁ)
212 4398 335 4465 sapphus
353 4398 483 4465 Ephyram
502 4397 677 4462 (Corinthum)
696 4399 819 4463 condidit,
838 4400 913 4451 cuius
930 4398 1000 4451 iilius
1014 4397 1137 4458 Glaucus,
1217 4452 1219 4457 y

209 4483 292 4536 nepos
309 4470 520 4537 Bellerophontes,
543 4472 588 4539 qui
606 4487 622 4523 a
639 4471 742 4535 Proeto,
764 4485 827 4538 rege
844 4470 951 4536 Argivo,
970 4469 1002 4521 ad
1020 4467 1136 4532 lobatea,
1245 4490 1248 4494 ⁴
