3062 5064
471 500 574 562 Aayeu
591 500 731 563 Babylonii.
748 502 823 551 Maii.
841 501 937 552 Persae.
1264 505 1281 558 Ἰ

1101 676 1177 717 acue.
1194 678 1282 730 olymp.

119 731 210 799 Regni
227 730 347 798 potentia
364 731 426 798 post
442 729 513 782 Mlius
532 733 642 783 monem
653 730 706 783 cito
718 731 851 784 minuitur.
883 730 1082 786 Mrilmerodaclr

157 801 361 870 perbiennium.
392 800 559 869 Neriglissar‚
579 801 806 856 Nebucadnezaris
826 818 914 871 gener,
932 803 1080 869 Nitoorida'a,

158 876 189 924 ut
207 871 319 933 videtur,
337 871 456 935 maritus,
475 887 521 939 per
539 871 745 939 quadriennium.

121 942 272 994 Nabooidas
290 941 458 1010 (Labynetns
477 958 518 1013 ap.
538 942 633 995 Herod.
650 943 801 996 Nitocridis'
813 943 897 1007 filius)
915 946 1023 999 ultimus
1040 961 1081 999 re·

158 1029 221 1083 gum
239 1012 334 1080 Babyl.
352 1029 368 1064 a
387 1011 456 1081 Cyro
474 1013 568 1077 victus,
586 1013 705 1082 Babylon
724 1016 826 1083 capitur
1132 1013 1184 1068 538
1221 1015 1281 1070 603

528 1186 554 1241 i.
592 1182 678 1242 Mens.

122 1292 258 1346 Medorum
276 1305 325 1344 sex
342 1292 426 1345 tribus
444 1292 562 1361 Assyriis
581 1295 705 1346 serviunt

122 1363 164 1416 Ab
182 1363 303 1429 Assyriis
320 1361 454 1427 deiciunt,
472 1363 599 1431 liberique
617 1378 647 1416 aa
666 1366 790 1418 scituris
808 1368 898 1434 agunt

121 1436 233 1486 Desocar
250 1449 339 1499 regem
357 1439 459 1498 creant,
478 1435 523 1502 qui
540 1434 674 1487 Ecbatana
691 1437 775 1488 munit
965 1438 1036 1490 circa
1053 1454 1076 1490 a
1132 1440 1185 1494 710

123 1504 250 1559 Succedit
267 1504 308 1556 illi
326 1504 467 1568 Plroorteu
490 1506 535 1573 qui
553 1505 640 1558 Persis
660 1509 737 1574 atque
756 1506 814 1559 aliis
833 1506 957 1576 deinceps
975 1509 1080 1577 populis

160 1575 286 1628 subiectis
305 1575 441 1643 imperium
460 1576 593 1628 Medorum
612 1576 708 1641 condit,
727 1578 759 1630 ab
778 1594 801 1629 a.
1132 1580 1184 1635 688

124 1647 280 1705 ΗοτοᾱοΗ,
303 1648 352 1694 188
376 1662 431 1694 cum
449 1647 534 1695 Medos
556 1662 601 1708 per
624 1650 673 1695 128
699 1663 774 1696 annos
797 1651 926 1708 imperium
947 1650 1022 1698 Asiae
1044 1656 1081 1699 te-

161 1718 242 1765 nuisse
252 1719 342 1776 tradat,
362 1723 400 1766 tot
411 1732 488 1766 miros
503 1719 582 1766 tribua
593 1720 692 1778 regibus
705 1720 823 1777 Pbraorti
843 1718 956 1780 Cyaxari,
976 1721 1080 1782 Astyagi

55 1834 58 1837 .
160 1789 273 1836 tribuerit
289 1802 388 1838 necessa
410 1795 455 1837 ast
487 1789 574 1848 ltaque
592 1789 704 1837 Pbraorti
721 1791 859 1837 moribaudi
882 1796 939 1837 sunt
962 1793 1080 1851 itacui,

157 1861 201 1919 qui
221 1860 247 1906 in
265 1861 337 1907 aditis
355 1861 536 1930 exemplaribus
554 1861 640 1907 Daioci
658 1862 806 1920 tribuuntur,
823 1861 915 1908 ,Deioci
934 1868 1019 1910 contra
1037 1864 1078 1910 22.

120 1964 222 2018 Ninum
241 1965 331 2017 urbem
349 1964 472 2017 obsidens
490 1964 604 2017 vincitur
623 1981 653 2017 ac
672 1965 740 2033 perit
1052 1964 1055 1973 ’
1133 1965 1185 2021 635

125 2035 253 2104 cyaxares
272 2036 297 2086 ei
315 2035 434 2088 succedit
450 2035 599 2088 bellicosior
618 2037 695 2088 etiam
714 2039 797 2104 patre.
828 2034 878 2088 Cui
894 2036 992 2089 Ninum
1010 2038 1079 2091 obsi-

158 2107 233 2158 denti
250 2107 402 2173 supervenit
414 2106 570 2174 Scytharum
589 2108 720 2160 exercitus
739 2107 892 2159 Cimmerios
911 2123 1080 2177 persequens,

158 2180 185 2230 et
203 2192 251 2245 per
269 2175 303 2229 28
321 2192 403 2229 annos
422 2177 449 2229 in
468 2179 531 2229 Asia
550 2177 696 2233 dominatur
713 2193 796 2245 usque
815 2178 848 2230 ad
866 2195 889 2229 a.
1132 2174 1183 2228 607

124 2246 190 2301 Cum
208 2247 316 2316 Alyatte
333 2263 396 2315 rege
408 2247 541 2315 Lydorum
559 2248 656 2302 bellum
669 2250 745 2317 gerit,
764 2249 810 2302 sed
822 2251 906 2318 pactis
919 2247 967 2301 filii
979 2249 1077 2317 nuptiis

157 2335 218 2371 cum
236 2318 362 2385 Aryeuni,
379 2318 495 2387 Alyattis
513 2318 574 2384 filia,
593 2321 726 2388 componit
1132 2315 1185 2368 610

124 2389 233 2457 Scythis
252 2389 370 2457 expulsis
388 2405 448 2442 cum
465 2389 619 2457 Babyloniis
637 2391 792 2443 coniunctus
811 2384 907 2442 Ninum
927 2390 1020 2442 evertit
1132 2385 1183 2439 606

123 2461 189 2514 Post
205 2475 317 2528 regnum
335 2461 371 2514 40
388 2468 514 2513 annorum
532 2464 634 2517 mortuo
653 2462 771 2514 succedit
788 2462 912 2529 Astyayes
1132 2455 1184 2510 595

123 2531 151 2584 Is
170 2548 187 2583 a
205 2531 283 2598 Cyro*
295 2534 389 2598 nepote
407 2532 492 2585 victus
506 2532 580 2584 vivus
598 2534 707 2600 capitur,
726 2532 859 2585 Medorum
871 2530 1032 2600 principatus
1046 2528 1080 2581 ad

158 2602 257 2656 Persas
274 2602 430 2656 transfertur
896 2631 899 2635 ,
1131 2595 1183 2652 559
1219 2596 1278 2653 551

602 2741 804 2753 ——t—

165 2909 206 2969 II.
247 2905 408 2968 PuRsAn
428 2907 634 2970 IMPERJUM
653 2908 777 2971 ASIAH
797 2902 1079 2968 HXERCMNTMS.

123 3069 222 3123 Persae
240 3067 303 3120 olim
320 3066 403 3120 Medis
420 3071 525 3135 parent,
550 3068 709 3122 aPhraorte
728 3068 852 3133 subiecti,
876 3067 922 3135 qni
939 3064 1081 3121 Achaeme·

158 3154 220 3192 nem
237 3139 271 3191 iis
289 3138 423 3206 praefecit

127 3280 282 3348 Cambyses,
301 3279 423 3349 princeps
442 3280 537 3347 gentis,
556 3295 589 3332 ex
600 3278 849 3333 Achaemenidarum
862 3278 961 3331 familia
972 3277 1081 3331 attribu

161 3349 378 3419 Pasargadarum‚
397 3349 551 3415 Mandanen,
569 3350 696 3420 Astyagis
714 3351 785 3419 regis
803 3349 892 3415 filiam,
910 3352 938 3403 in
950 3349 1081 3403 matrimo-

160 3422 234 3475 nium
253 3421 361 3474 duxisse
379 3420 468 3473 fertur.

122 3493 191 3547 Eius
209 3492 279 3545 iilius
300 3491 424 3543 CYRUS
441 3492 578 3560 imperium
596 3491 729 3544 Medorum
746 3489 844 3559 frangit
1133 3487 1186 3542 559
1222 3487 1280 3541 551

123 3563 260 3632 Lydorum
278 3576 367 3631 regem
387 3561 514 3616 Croesum
531 3562 647 3615 devincit
664 3577 694 3614 ac
714 3562 810 3615 Sardes
829 3562 900 3630 capit
1133 3558 1184 3612 546
1222 3557 1282 3614 583

125 3635 289 3690 Graecorum
308 3634 386 3686 urbes
405 3635 547 3686 maritimas
560 3633 698 3703 Harpagus
717 3636 823 3701 satrape
840 3635 982 3701 expugnat.
1010 3628 1082 3695 (Teii

159 3705 323 3838 Abdera)in
341 3704 454 3761 Thracia
476 3704 605 3769 condunt,
628 3704 805 3757 Phocaeorum
827 3719 888 3772 pars
904 3705 931 3756 in
949 3702 1083 3757 Corsicam

159 3778 275 3844 nauigat.

126 3847 249 3901 Ceteram
265 3845 356 3899 Asiam
375 3846 536 3913 superiorem
552 3842 671 3910 (Baetra)
690 3844 776 3913 Cyrus
792 3845 850 3912 ipse
868 3844 975 3911 subigit

123 3918 289 3985 Babylonem
306 3920 440 3984 expugnat
1134 3910 1187 3965 588
1223 3909 1283 3964 603

126 3982 214 4058 Cyru's
232 3989 259 4041 in
277 3987 347 4039 bello
365 4002 425 4039 cum
435 3987 591 4055 Massagetis
608 3986 684 4054 perit,
702 3988 763 4054 post
779 4000 889 4054 regnum
908 3984 941 4038 29
953 3999 1080 4037 annorum
1135 3982 1186 4036 529
1222 3980 1283 4034 624

128 4057 334 4129 CAMBYSES
351 4055 501 4126 Aegyptum
519 4057 637 4126 adiungit
652 4057 762 4125 imperio
1134 4052 1186 4107 525
1223 4050 1282 4105 633

127 4130 238 4185 Ceterae
262 4128 444 4197 expeditiones
471 4129 567 4181 irritae.
614 4129 721 4181 Moritur
745 4142 778 4180 ex
804 4126 911 4179 vulnere
933 4124 1084 4179 Acbatanae

161 4202 255 4269 Syriae
274 4199 370 4268 oppido
1134 4192 1185 4246 522
1221 4190 1280 4245 643

124 4273 219 4342 Magus
237 4271 342 4335 Medus,
366 4270 412 4338 qui
430 4284 459 4322 se
477 4269 584 4323 simulat
602 4269 738 4332 Smerdlm,
762 4267 827 4336 Cyri
847 4266 930 4319 filium
947 4266 1082 4328 minorem,

160 4360 209 4413 per
225 4343 341 4410 reliquos
366 4340 382 4393 7
400 4355 506 4394 menses
524 4341 581 4394 sius
600 4341 661 4392 ansi
678 4343 778 4408 regnat.
819 4338 965 4391 Coniurant
982 4340 1082 4404 septem

160 4414 302 4467 Persarum
323 4411 457 4480 principes
483 4411 609 4475 (Omnes,
634 4409 767 4478 Gobryas,
791 4409 975 4477 Intaphernes,
998 4407 1082 4474 Aspa·

161 4485 258 4549 thines,
276 4483 446 4552 Megabyzus,
463 4482 615 4552 Hydarnes,
640 4482 750 4545 Dareus,
768 4481 910 4548 Hystaspis
928 4478 985 4544 fil),
1002 4479 1081 4532 inter·

121 4620 125 4629 ,
161 4556 285 4626 tectoque
303 4568 381 4623 mago
1034 4578 1039 4586 -
