3062 5064
563 1492 888 1579 PRAEFATIO.

193 1847 282 1940 Etsi
304 1872 392 1938 hunc
413 1871 532 1938 librum
553 1873 601 1939 ita
624 1884 843 1961 comparatum
866 1899 937 1942 esse
952 1877 1110 1965 intelligo,
1133 1887 1171 1942 ut
1194 1878 1299 1963 facile,

140 1976 230 2063 quod
252 1978 393 2042 auctoris
415 1978 449 2042 in
472 2000 510 2042 eo
533 1976 706 2044 scribendo
729 1978 900 2044 consilium
922 1980 1030 2063 fuerit,
1054 1990 1223 2067 appareat,
1250 1991 1300 2047 ta·

139 2105 226 2164 men,
248 2103 290 2145 ne
313 2079 392 2165 quid
414 2103 558 2146 mearum
579 2082 720 2166 partium
743 2082 901 2165 omittam,
923 2105 1038 2169 pauca,
1061 2107 1144 2169 quae
1167 2084 1210 2150 ad
1224 2109 1300 2151 ean·

138 2184 213 2250 dem
236 2207 305 2249 rem
331 2184 530 2270 pertineant,
559 2183 712 2251 videntur
738 2208 809 2251 esse
836 2186 1081 2271 praemittenda.
1126 2187 1172 2252 Et
1194 2191 1300 2254 consi-

137 2289 217 2358 lium
241 2286 373 2374 quidem
394 2288 509 2353 horum
532 2290 702 2353 Annalium
723 2289 791 2354 sive
813 2290 1039 2356 Chronicorum
1062 2291 1299 2377 componendo·

66 2478 68 2481 v
137 2417 211 2458 rum
234 2416 274 2457 ex
298 2416 336 2457 eo
358 2392 438 2457 mihi
460 2401 573 2459 natum
596 2402 657 2474 est,
680 2392 770 2478 quod
791 2394 965 2479 scriptores
988 2397 1138 2479 antiquos
1153 2395 1298 2462 studiose

138 2497 290 2563 evolvens
319 2508 352 2563 et
379 2498 558 2585 dispersam
586 2522 693 2564 rerum
723 2506 888 2586 gestarum
915 2500 1102 2564 memoriam
1131 2499 1298 2588 colligens,

136 2602 236 2667 talem
250 2602 369 2669 librum
383 2626 480 2690 saepe
495 2602 730 2686 desiderabam,
752 2606 786 2668 in
801 2627 866 2689 quo
880 2613 1038 2691 tempora,
1060 2603 1189 2689 quando
1204 2603 1298 2688 quid·

137 2729 202 2792 que
231 2717 359 2794 gestum
389 2716 491 2789 esset,
518 2715 669 2772 accurate
695 2716 808 2772 notata
835 2709 1068 2793 reperirentur,
1097 2718 1130 2773 et
1155 2708 1297 2793 ipsarum

136 2834 246 2875 rerum
268 2810 349 2876 ordo
372 2811 419 2877 ita
441 2810 621 2897 explicatus
642 2804 740 2892 esset,
762 2819 799 2874 ut
814 2809 918 2875 sicubi
934 2810 1014 2896 quid
1028 2811 1189 2896 copiosius
1206 2833 1294 2876 enar-

137 2923 244 2979 ratum
266 2914 429 3000 legissem,
457 2913 610 2979 haberem
633 2936 698 2999 quo
721 2923 809 2979 certo
832 2915 904 2979 loco
926 2916 1089 2982 referrem.
1126 2915 1297 2980 Eiusmodi

135 3018 300 3105 praesidia
333 3017 376 3083 ad
404 3018 572 3084 historiam
601 3016 791 3083 discendam
818 3018 953 3084 maiores
981 3020 1084 3084 nostri
1111 3019 1213 3083 multa
1239 3018 1297 3083 ha
1373 3020 1376 3027 ’

135 3123 289 3206 buerunt,
312 3120 371 3187 sed
392 3121 465 3187 illos
488 3121 589 3187 libros
611 3119 762 3186 videbam
785 3123 902 3206 partim
925 3123 1059 3186 aliarum
1073 3144 1180 3187 rerum
1198 3145 1296 3207 quae-

121 3226 298 3294 stionibus
326 3226 525 3312 interpositis
555 3225 598 3291 ad
623 3227 790 3314 ingentem
818 3226 1074 3316 magnitudinem
1103 3227 1295 3310 excrevisse,
1373 3226 1375 3229 ’

136 3317 256 3418 partim
279 3339 335 3396 aut
357 3353 412 3396 eas
428 3340 609 3418 temporum
623 3331 764 3396 rationes
780 3332 882 3416 sequi,
905 3354 986 3416 quas
1001 3331 1098 3396 hodie
1112 3354 1207 3396 nemo
1221 3354 1296 3417 pro·

136 3433 215 3500 bare
242 3443 371 3521 posset,
407 3432 464 3499 alit
500 3434 631 3499 omnino
659 3457 775 3520 parum
802 3442 954 3500 accurate
983 3436 1185 3521 conscriptos
1215 3457 1317 3501 esse.-

137 3537 412 3625 Oompendiorum
433 3562 528 3622 vero,
555 3562 638 3624 quae
660 3538 757 3604 hodie
780 3563 800 3603 a
822 3539 950 3621 multis,
980 3541 1077 3604 etiam
1100 3537 1296 3603 doctissimis

135 3643 226 3725 viris,
248 3644 370 3730 scripta
390 3645 549 3728 feruntur,
572 3645 670 3710 alium
692 3642 854 3729 quendam
868 3666 964 3710 usum
979 3666 1049 3709 esse
1063 3640 1296 3729 intelligebam,

137 3771 274 3833 quorum
304 3758 452 3815 auctores
482 3771 556 3815 cum
586 3751 620 3814 in
644 3773 770 3816 summa
796 3748 955 3813 brevitate
983 3757 1157 3834 perpetuae
1186 3770 1297 3812 narra·

136 3853 234 3918 tionis
257 3853 320 3918 hoc
341 3854 545 3939 potissimum
566 3854 629 3919 sibi
651 3852 813 3941 agendum
837 3852 1050 3934 censuissent,
1079 3860 1116 3915 ut
1138 3849 1226 3935 quod
1247 3851 1296 3915 in-

137 3957 279 4044 genium,
302 3957 357 4042 qui
379 3980 485 4023 mores
509 3958 665 4043 cuiusque
680 3955 991 4022 aetatishominibus
1013 3956 1162 4037 fuissent,
1188 3963 1296 4020 osten-

137 4059 261 4142 derent,
284 4059 325 4124 ab
340 4060 403 4125 hac
417 4068 599 4147 temporum
615 4059 831 4141 accuratione,
848 4080 945 4144 quam
959 4058 1164 4144 quaerebam,
1179 4058 1295 4123 remoti

137 4174 238 4230 erant.
282 4162 401 4249 Neque
423 4187 501 4230 sane
523 4166 586 4231 hoc
607 4165 672 4231 illis
695 4164 774 4229 vitio
796 4164 964 4247 verterim,
993 4164 1144 4250 quoniam
1167 4161 1296 4227 diversa

138 4268 306 4353 utriusque
334 4269 383 4333 rei
412 4260 547 4335 consilia
573 4278 666 4352 sunt,
696 4290 778 4354 quae
806 4283 881 4332 una·
893 4269 1017 4334 ratione
1040 4291 1105 4333 non
1125 4265 1222 4331 facile
1244 4285 1295 4328 as-

137 4394 283 4456 sequare.
327 4368 394 4438 Sed
416 4382 536 4456 tamen,
559 4395 633 4439 cum
656 4381 689 4437 et
711 4373 781 4458 ipse
804 4369 920 4437 studiis
944 4369 1197 4437 adolescentium
1219 4387 1296 4431 con·

138 4476 243 4540 sulere
265 4475 392 4559 vellem,
415 4477 532 4561 quibus
555 4487 669 4544 auctor
691 4498 818 4561 semper
839 4474 983 4557 fuissem,
1012 4484 1049 4540 ut
1071 4470 1207 4538 simulac
1228 4493 1280 4537 me

1081 4576 1095 4606 ί
