<?xml version="1.0" encoding="UTF-8"?>
<!DOCTYPE html PUBLIC "-//W3C//DTD XHTML 1.0 Transitional//EN"
    "http://www.w3.org/TR/xhtml1/DTD/xhtml1-transitional.dtd">
<html xmlns="http://www.w3.org/1999/xhtml" xml:lang="en" lang="en">
 <head>
  <title>
</title>
<meta http-equiv="Content-Type" content="text/html;charset=utf-8" />
  <meta name='ocr-system' content='tesseract 3.04.00' />
  <meta name='ocr-capabilities' content='ocr_page ocr_carea ocr_par ocr_line ocrx_word'/>
</head>
<body>
  <div class='ocr_page' id='page_1' title='image "annalesveterumr01zumpgoog_0089.png"; bbox 0 0 3012 5062; ppageno 0'>
   <div class='ocr_carea' id='block_1_1' title="bbox 253 481 942 553">
    <p class='ocr_par' dir='ltr' id='par_1_1' title="bbox 253 481 942 553">
     <span class='ocr_line' id='line_1_1' title="bbox 253 481 942 553; baseline -0.004 -6"><span class='ocrx_word' id='word_1_1' title='bbox 253 499 289 553; x_wconf 77' lang='grc'><strong>60</strong></span> <span class='ocrx_word' id='word_1_2' title='bbox 473 481 476 487; x_wconf 45' lang='grc'><strong><em>’</em></strong></span> <span class='ocrx_word' id='word_1_3' title='bbox 714 497 822 546; x_wconf 79' lang='lat' dir='ltr'><strong>Annales</strong></span> <span class='ocrx_word' id='word_1_4' title='bbox 839 498 942 544; x_wconf 83' lang='lat' dir='ltr'><strong>Rotnani</strong></span> 
     </span>
    </p>
   </div>
   <div class='ocr_carea' id='block_1_2' title="bbox 253 673 1481 811">
    <p class='ocr_par' dir='ltr' id='par_1_2' title="bbox 253 673 1481 811">
     <span class='ocr_line' id='line_1_2' title="bbox 253 673 1481 811; baseline 0.019 -48"><span class='ocrx_word' id='word_1_5' title='bbox 253 673 325 714; x_wconf 47' lang='lat'><strong>&#39;&#39;⁰¹&#39;‘</strong></span> <span class='ocrx_word' id='word_1_6' title='bbox 371 685 392 713; x_wconf 53' lang='grc' dir='ltr'><strong>υ</strong></span> <span class='ocrx_word' id='word_1_7' title='bbox 387 686 421 759; x_wconf 64' lang='lat'><strong>·⁰</strong></span> <span class='ocrx_word' id='word_1_8' title='bbox 485 723 546 779; x_wconf 89' lang='lat' dir='ltr'><strong>Ser.</strong></span> <span class='ocrx_word' id='word_1_9' title='bbox 565 726 698 796; x_wconf 77' lang='lat' dir='ltr'>Sulpicius</span> <span class='ocrx_word' id='word_1_10' title='bbox 718 725 870 779; x_wconf 77' lang='lat' dir='ltr'><strong>Camerinus</strong></span> <span class='ocrx_word' id='word_1_11' title='bbox 884 724 1025 811; x_wconf 76' lang='lat' dir='ltr'><strong>Cornutus</strong></span> <span class='ocrx_word' id='word_1_12' title='bbox 1054 726 1112 779; x_wconf 87' lang='lat' dir='ltr'><strong>Lex</strong></span> <span class='ocrx_word' id='word_1_13' title='bbox 1124 726 1233 780; x_wconf 87' lang='lat' dir='ltr'><strong>Aterma</strong></span> <span class='ocrx_word' id='word_1_14' title='bbox 1247 729 1360 797; x_wconf 89' lang='lat' dir='ltr'><strong>Tarpeia</strong></span> <span class='ocrx_word' id='word_1_15' title='bbox 1376 728 1405 781; x_wconf 90' lang='lat' dir='ltr'><strong>do</strong></span> <span class='ocrx_word' id='word_1_16' title='bbox 1476 746 1481 755; x_wconf 89' lang='lat'>&#39;</span> 
     </span>
    </p>
   </div>
   <div class='ocr_carea' id='block_1_3' title="bbox 269 796 1492 3193">
    <p class='ocr_par' dir='ltr' id='par_1_3' title="bbox 490 796 1491 865">
     <span class='ocr_line' id='line_1_3' title="bbox 490 796 1491 865; baseline 0.003 -17"><span class='ocrx_word' id='word_1_17' title='bbox 490 798 579 849; x_wconf 92' lang='lat' dir='ltr'><strong>multis</strong></span> <span class='ocrx_word' id='word_1_18' title='bbox 598 796 770 865; x_wconf 78' lang='lat' dir='ltr'><strong>imponendis</strong></span> <span class='ocrx_word' id='word_1_19' title='bbox 1490 834 1491 851; x_wconf 56' lang='grc' dir='ltr'>ι</span> 
     </span>
    </p>

    <p class='ocr_par' dir='ltr' id='par_1_4' title="bbox 269 864 1406 1006">
     <span class='ocr_line' id='line_1_4' title="bbox 269 864 1406 934; baseline -0.001 -12"><span class='ocrx_word' id='word_1_20' title='bbox 269 869 322 924; x_wconf 85' lang='grc'>453</span> <span class='ocrx_word' id='word_1_21' title='bbox 370 869 420 922; x_wconf 86' lang='grc'><strong>301</strong></span> <span class='ocrx_word' id='word_1_22' title='bbox 460 867 520 921; x_wconf 77' lang='lat' dir='ltr'><strong>(los.</strong></span> <span class='ocrx_word' id='word_1_23' title='bbox 539 868 598 919; x_wconf 81' lang='lat' dir='ltr'><strong>Sea.</strong></span> <span class='ocrx_word' id='word_1_24' title='bbox 620 867 775 931; x_wconf 67' lang='lat' dir='ltr'><strong>Quinctilius,</strong></span> <span class='ocrx_word' id='word_1_25' title='bbox 794 869 824 919; x_wconf 93' lang='lat' dir='ltr'><strong>P.</strong></span> <span class='ocrx_word' id='word_1_26' title='bbox 846 867 984 918; x_wconf 73' lang='lat' dir='ltr'><strong>Curiatius</strong></span> <span class='ocrx_word' id='word_1_27' title='bbox 975 868 1076 919; x_wconf 85' lang='lat' dir='ltr'><strong>Fistus</strong></span> <span class='ocrx_word' id='word_1_28' title='bbox 1096 868 1256 934; x_wconf 71' lang='lat' dir='ltr'><strong>Triparainus.</strong></span> <span class='ocrx_word' id='word_1_29' title='bbox 1260 868 1275 930; x_wconf 86' lang='grc'><strong><em>)</em></strong></span> <span class='ocrx_word' id='word_1_30' title='bbox 1319 864 1406 921; x_wconf 76' lang='lat' dir='ltr'><strong>Fames</strong></span> 
     </span>
     <span class='ocr_line' id='line_1_5' title="bbox 490 937 1131 1006; baseline -0.002 -16"><span class='ocrx_word' id='word_1_31' title='bbox 490 941 518 990; x_wconf 89' lang='lat' dir='ltr'><strong>et</strong></span> <span class='ocrx_word' id='word_1_32' title='bbox 535 939 693 1006; x_wconf 79' lang='lat' dir='ltr'><strong>pestilentia,</strong></span> <span class='ocrx_word' id='word_1_33' title='bbox 712 954 764 1006; x_wconf 83' lang='lat' dir='ltr'><strong>qua</strong></span> <span class='ocrx_word' id='word_1_34' title='bbox 782 953 836 990; x_wconf 88' lang='lat' dir='ltr'><strong>cos.</strong></span> <span class='ocrx_word' id='word_1_35' title='bbox 856 937 959 1000; x_wconf 84' lang='lat' dir='ltr'><strong>Quinct</strong></span> <span class='ocrx_word' id='word_1_36' title='bbox 979 937 1131 991; x_wconf 75' lang='lat' dir='ltr'><strong>absumitur.</strong></span> 
     </span>
    </p>

    <p class='ocr_par' dir='ltr' id='par_1_5' title="bbox 270 1008 1406 1217">
     <span class='ocr_line' id='line_1_6' title="bbox 270 1008 1406 1074; baseline -0.002 -11"><span class='ocrx_word' id='word_1_37' title='bbox 270 1011 322 1065; x_wconf 79' lang='lat'><strong>452</strong></span> <span class='ocrx_word' id='word_1_38' title='bbox 371 1009 423 1063; x_wconf 72' lang='lat'><strong>302</strong></span> <span class='ocrx_word' id='word_1_39' title='bbox 461 1008 521 1061; x_wconf 85' lang='lat' dir='ltr'><strong>Cos.</strong></span> <span class='ocrx_word' id='word_1_40' title='bbox 545 1010 575 1060; x_wconf 92' lang='lat' dir='ltr'><strong>P.</strong></span> <span class='ocrx_word' id='word_1_41' title='bbox 599 1010 696 1061; x_wconf 81' lang='lat' dir='ltr'><strong>Sestius</strong></span> <span class='ocrx_word' id='word_1_42' title='bbox 721 1010 873 1074; x_wconf 85' lang='lat' dir='ltr'><strong>Capitolinus</strong></span> <span class='ocrx_word' id='word_1_43' title='bbox 890 1008 1037 1071; x_wconf 80' lang='lat' dir='ltr'><strong>Vaticanus,</strong></span> <span class='ocrx_word' id='word_1_44' title='bbox 1068 1008 1097 1060; x_wconf 84' lang='lat' dir='ltr'><strong><em>T.</em></strong></span> <span class='ocrx_word' id='word_1_45' title='bbox 1120 1010 1250 1060; x_wconf 78' lang='lat' dir='ltr'><strong>Menenius</strong></span> <span class='ocrx_word' id='word_1_46' title='bbox 1273 1008 1406 1071; x_wconf 88' lang='lat' dir='ltr'><strong>Lanatus.)</strong></span> 
     </span>
     <span class='ocr_line' id='line_1_7' title="bbox 488 1078 1406 1147; baseline 0 -16"><span class='ocrx_word' id='word_1_47' title='bbox 488 1079 596 1147; x_wconf 82' lang='lat' dir='ltr'><strong>Legatis</strong></span> <span class='ocrx_word' id='word_1_48' title='bbox 614 1080 735 1143; x_wconf 76' lang='lat' dir='ltr'><strong>reuersis,</strong></span> <span class='ocrx_word' id='word_1_49' title='bbox 754 1080 797 1131; x_wconf 81' lang='lat' dir='ltr'><strong>lex</strong></span> <span class='ocrx_word' id='word_1_50' title='bbox 816 1078 944 1146; x_wconf 72' lang='lat' dir='ltr'><strong>perfertur</strong></span> <span class='ocrx_word' id='word_1_51' title='bbox 962 1079 994 1132; x_wconf 91' lang='lat' dir='ltr'><strong>de</strong></span> <span class='ocrx_word' id='word_1_52' title='bbox 1012 1079 1045 1130; x_wconf 86' lang='lat' dir='ltr'>X</span> <span class='ocrx_word' id='word_1_53' title='bbox 1053 1081 1114 1130; x_wconf 84' lang='lat' dir='ltr'><strong>ciris</strong></span> <span class='ocrx_word' id='word_1_54' title='bbox 1133 1080 1211 1146; x_wconf 73' lang='lat' dir='ltr'><strong>layum</strong></span> <span class='ocrx_word' id='word_1_55' title='bbox 1229 1082 1406 1131; x_wconf 59' lang='lat' dir='ltr'><strong>reddendorum</strong></span> 
     </span>
     <span class='ocr_line' id='line_1_8' title="bbox 489 1151 966 1217; baseline -0.002 -16"><span class='ocrx_word' id='word_1_56' title='bbox 489 1169 573 1213; x_wconf 69' lang='lat' dir='ltr'><strong>causa</strong></span> <span class='ocrx_word' id='word_1_57' title='bbox 591 1153 643 1202; x_wconf 83' lang='lat' dir='ltr'><strong>sine</strong></span> <span class='ocrx_word' id='word_1_58' title='bbox 656 1152 828 1217; x_wconf 84' lang='lat' dir='ltr'><strong>prouocatione</strong></span> <span class='ocrx_word' id='word_1_59' title='bbox 846 1151 966 1201; x_wconf 73' lang='lat' dir='ltr'><strong>mardic.</strong></span> 
     </span>
    </p>

    <p class='ocr_par' dir='ltr' id='par_1_6' title="bbox 270 1219 1492 1499">
     <span class='ocr_line' id='line_1_9' title="bbox 270 1219 1408 1288; baseline 0 -15"><span class='ocrx_word' id='word_1_60' title='bbox 270 1221 322 1274; x_wconf 82' lang='lat'><strong>451</strong></span> <span class='ocrx_word' id='word_1_61' title='bbox 372 1220 427 1273; x_wconf 83' lang='lat'><strong>303</strong></span> <span class='ocrx_word' id='word_1_62' title='bbox 462 1219 522 1274; x_wconf 85' lang='lat' dir='ltr'><strong>Cos.</strong></span> <span class='ocrx_word' id='word_1_63' title='bbox 541 1222 591 1288; x_wconf 77' lang='lat' dir='ltr'><strong>sp.</strong></span> <span class='ocrx_word' id='word_1_64' title='bbox 613 1221 732 1272; x_wconf 88' lang='lat' dir='ltr'><strong>Claudius</strong></span> <span class='ocrx_word' id='word_1_65' title='bbox 752 1222 855 1271; x_wconf 72' lang='lat' dir='ltr'><strong>Ctasars</strong></span> <span class='ocrx_word' id='word_1_66' title='bbox 872 1220 1042 1287; x_wconf 73' lang='lat' dir='ltr'><strong>Inrupillensis</strong></span> <span class='ocrx_word' id='word_1_67' title='bbox 1059 1220 1169 1272; x_wconf 74' lang='lat' dir='ltr'><strong>Satiatur</strong></span> <span class='ocrx_word' id='word_1_68' title='bbox 1185 1221 1224 1284; x_wconf 95' lang='lat' dir='ltr'><strong>II,</strong></span> <span class='ocrx_word' id='word_1_69' title='bbox 1247 1221 1276 1272; x_wconf 87' lang='lat' dir='ltr'><strong>T.</strong></span> <span class='ocrx_word' id='word_1_70' title='bbox 1291 1220 1408 1273; x_wconf 76' lang='lat' dir='ltr'><strong>Garucius</strong></span> 
     </span>
     <span class='ocr_line' id='line_1_10' title="bbox 490 1290 1492 1359; baseline 0.007 -18"><span class='ocrx_word' id='word_1_71' title='bbox 490 1292 642 1358; x_wconf 78' lang='lat' dir='ltr'><strong>Aspurinas.</strong></span> <span class='ocrx_word' id='word_1_72' title='bbox 689 1290 820 1343; x_wconf 87' lang='lat' dir='ltr'><strong>Abdicant</strong></span> <span class='ocrx_word' id='word_1_73' title='bbox 842 1304 896 1342; x_wconf 90' lang='lat' dir='ltr'><strong>cos.</strong></span> <span class='ocrx_word' id='word_1_74' title='bbox 920 1293 948 1342; x_wconf 92' lang='lat' dir='ltr'><strong>et</strong></span> <span class='ocrx_word' id='word_1_75' title='bbox 968 1291 996 1342; x_wconf 88' lang='lat' dir='ltr'>X</span> <span class='ocrx_word' id='word_1_76' title='bbox 1019 1291 1069 1343; x_wconf 82' lang='lat' dir='ltr'><strong>riri</strong></span> <span class='ocrx_word' id='word_1_77' title='bbox 1092 1306 1126 1343; x_wconf 84' lang='lat' dir='ltr'><strong>ex</strong></span> <span class='ocrx_word' id='word_1_78' title='bbox 1148 1291 1267 1359; x_wconf 88' lang='lat' dir='ltr'><strong>patriciis</strong></span> <span class='ocrx_word' id='word_1_79' title='bbox 1291 1295 1408 1345; x_wconf 83' lang='lat' dir='ltr'><strong>creantur</strong></span> <span class='ocrx_word' id='word_1_80' title='bbox 1491 1346 1492 1349; x_wconf 73' lang='grc'>,</span> 
     </span>
     <span class='ocr_line' id='line_1_11' title="bbox 489 1360 1492 1429; baseline 0.003 -16"><span class='ocrx_word' id='word_1_81' title='bbox 489 1365 592 1429; x_wconf 88' lang='lat' dir='ltr'><strong>praeter</strong></span> <span class='ocrx_word' id='word_1_82' title='bbox 609 1363 682 1429; x_wconf 89' lang='lat' dir='ltr'><strong>ipsos</strong></span> <span class='ocrx_word' id='word_1_83' title='bbox 700 1376 754 1414; x_wconf 88' lang='lat' dir='ltr'><strong>cos.</strong></span> <span class='ocrx_word' id='word_1_84' title='bbox 774 1360 820 1429; x_wconf 87' lang='lat' dir='ltr'><strong>Sp.</strong></span> <span class='ocrx_word' id='word_1_85' title='bbox 837 1362 961 1414; x_wconf 88' lang='lat' dir='ltr'><strong>Veturius</strong></span> <span class='ocrx_word' id='word_1_86' title='bbox 981 1360 1092 1414; x_wconf 78' lang='lat' dir='ltr'><strong>Crassus</strong></span> <span class='ocrx_word' id='word_1_87' title='bbox 1110 1361 1259 1425; x_wconf 88' lang='lat' dir='ltr'><strong>Cicurinus,</strong></span> <span class='ocrx_word' id='word_1_88' title='bbox 1279 1361 1310 1414; x_wconf 91' lang='lat' dir='ltr'><strong>C.</strong></span> <span class='ocrx_word' id='word_1_89' title='bbox 1331 1363 1406 1416; x_wconf 86' lang='lat' dir='ltr'><strong>Iulius</strong></span> <span class='ocrx_word' id='word_1_90' title='bbox 1491 1360 1492 1365; x_wconf 72' lang='grc'>’</span> 
     </span>
     <span class='ocr_line' id='line_1_12' title="bbox 490 1430 1407 1499; baseline 0.003 -16"><span class='ocrx_word' id='word_1_91' title='bbox 490 1432 571 1496; x_wconf 90' lang='lat' dir='ltr'><strong>Iulus,</strong></span> <span class='ocrx_word' id='word_1_92' title='bbox 590 1432 619 1484; x_wconf 90' lang='lat' dir='ltr'><strong>P.</strong></span> <span class='ocrx_word' id='word_1_93' title='bbox 638 1432 741 1484; x_wconf 88' lang='lat' dir='ltr'><strong>Sestius</strong></span> <span class='ocrx_word' id='word_1_94' title='bbox 761 1430 872 1499; x_wconf 87' lang='lat' dir='ltr'><strong>Capitol.</strong></span> <span class='ocrx_word' id='word_1_95' title='bbox 884 1432 1037 1496; x_wconf 81' lang='lat' dir='ltr'><strong>Vaticanus,</strong></span> <span class='ocrx_word' id='word_1_96' title='bbox 1056 1432 1085 1484; x_wconf 94' lang='lat' dir='ltr'><strong>P.</strong></span> <span class='ocrx_word' id='word_1_97' title='bbox 1099 1431 1230 1484; x_wconf 78' lang='lat' dir='ltr'><strong>Curiatius</strong></span> <span class='ocrx_word' id='word_1_98' title='bbox 1249 1433 1343 1486; x_wconf 84' lang='lat' dir='ltr'><strong>Fistus</strong></span> <span class='ocrx_word' id='word_1_99' title='bbox 1357 1434 1407 1486; x_wconf 89' lang='lat' dir='ltr'><strong>Tri·</strong></span> 
     </span>
    </p>

    <p class='ocr_par' dir='ltr' id='par_1_7' title="bbox 397 1502 1408 1782">
     <span class='ocr_line' id='line_1_13' title="bbox 397 1502 1365 1571; baseline 0.002 -17"><span class='ocrx_word' id='word_1_100' title='bbox 397 1516 400 1523; x_wconf 86' lang='lat'>·</span> <span class='ocrx_word' id='word_1_101' title='bbox 491 1504 619 1570; x_wconf 82' lang='lat' dir='ltr'><strong>geminus,</strong></span> <span class='ocrx_word' id='word_1_102' title='bbox 639 1503 669 1554; x_wconf 88' lang='lat' dir='ltr'><strong>T.</strong></span> <span class='ocrx_word' id='word_1_103' title='bbox 688 1503 815 1555; x_wconf 85' lang='lat' dir='ltr'><strong>Romilius</strong></span> <span class='ocrx_word' id='word_1_104' title='bbox 833 1502 922 1555; x_wconf 84' lang='lat' dir='ltr'><strong>Rocus</strong></span> <span class='ocrx_word' id='word_1_105' title='bbox 936 1502 1078 1555; x_wconf 83' lang='lat' dir='ltr'><strong>Vaticanus</strong></span> <span class='ocrx_word' id='word_1_106' title='bbox 1097 1506 1124 1555; x_wconf 90' lang='lat' dir='ltr'><strong>et</strong></span> <span class='ocrx_word' id='word_1_107' title='bbox 1140 1507 1195 1555; x_wconf 91' lang='lat' dir='ltr'><strong>tres</strong></span> <span class='ocrx_word' id='word_1_108' title='bbox 1213 1502 1253 1554; x_wconf 92' lang='lat' dir='ltr'><strong>illi</strong></span> <span class='ocrx_word' id='word_1_109' title='bbox 1272 1503 1365 1571; x_wconf 84' lang='lat' dir='ltr'><strong>legati.</strong></span> 
     </span>
     <span class='ocr_line' id='line_1_14' title="bbox 526 1573 1408 1641; baseline 0.002 -15"><span class='ocrx_word' id='word_1_110' title='bbox 526 1574 623 1626; x_wconf 83' lang='lat' dir='ltr'><strong>Decem</strong></span> <span class='ocrx_word' id='word_1_111' title='bbox 642 1574 729 1641; x_wconf 78' lang='lat' dir='ltr'><strong>legum</strong></span> <span class='ocrx_word' id='word_1_112' title='bbox 747 1573 850 1626; x_wconf 88' lang='lat' dir='ltr'><strong>tabulas</strong></span> <span class='ocrx_word' id='word_1_113' title='bbox 869 1573 982 1625; x_wconf 87' lang='lat' dir='ltr'><strong>comitiis</strong></span> <span class='ocrx_word' id='word_1_114' title='bbox 1001 1573 1153 1626; x_wconf 90' lang='lat' dir='ltr'><strong>centuriatis</strong></span> <span class='ocrx_word' id='word_1_115' title='bbox 1172 1574 1258 1625; x_wconf 86' lang='lat' dir='ltr'><strong>ferunt</strong></span> <span class='ocrx_word' id='word_1_116' title='bbox 1275 1577 1408 1640; x_wconf 82' lang='lat' dir='ltr'><strong>-sontcn</strong></span> 
     </span>
     <span class='ocr_line' id='line_1_15' title="bbox 490 1643 1408 1712; baseline 0.003 -17"><span class='ocrx_word' id='word_1_117' title='bbox 490 1647 565 1696; x_wconf 82' lang='lat' dir='ltr'><strong>omnis</strong></span> <span class='ocrx_word' id='word_1_118' title='bbox 581 1646 675 1710; x_wconf 80' lang='lat' dir='ltr'><strong>publici</strong></span> <span class='ocrx_word' id='word_1_119' title='bbox 695 1646 836 1710; x_wconf 57' lang='lat' dir='ltr'><strong>maurique</strong></span> <span class='ocrx_word' id='word_1_120' title='bbox 858 1646 931 1695; x_wconf 76' lang='grc' dir='ltr'>ιἰινίε.</span> <span class='ocrx_word' id='word_1_121' title='bbox 969 1643 1105 1707; x_wconf 86' lang='lat' dir='ltr'><strong>Sancitur,</strong></span> <span class='ocrx_word' id='word_1_122' title='bbox 1129 1660 1162 1697; x_wconf 92' lang='lat' dir='ltr'><strong>ne</strong></span> <span class='ocrx_word' id='word_1_123' title='bbox 1185 1644 1217 1696; x_wconf 91' lang='lat' dir='ltr'><strong>de</strong></span> <span class='ocrx_word' id='word_1_124' title='bbox 1239 1645 1329 1712; x_wconf 85' lang='lat' dir='ltr'><strong>capite</strong></span> <span class='ocrx_word' id='word_1_125' title='bbox 1348 1647 1408 1698; x_wconf 88' lang='lat' dir='ltr'><strong>ciris</strong></span> 
     </span>
     <span class='ocr_line' id='line_1_16' title="bbox 490 1714 1017 1782; baseline -0.004 -15"><span class='ocrx_word' id='word_1_126' title='bbox 490 1718 636 1782; x_wconf 88' lang='lat' dir='ltr'><strong>quaeratur,</strong></span> <span class='ocrx_word' id='word_1_127' title='bbox 655 1716 706 1767; x_wconf 89' lang='lat' dir='ltr'><strong>nisi</strong></span> <span class='ocrx_word' id='word_1_128' title='bbox 725 1714 839 1766; x_wconf 86' lang='lat' dir='ltr'><strong>comitiis</strong></span> <span class='ocrx_word' id='word_1_129' title='bbox 857 1714 1017 1766; x_wconf 89' lang='lat' dir='ltr'><strong>centuriatis.</strong></span> 
     </span>
    </p>

    <p class='ocr_par' dir='ltr' id='par_1_8' title="bbox 271 1783 1409 2133">
     <span class='ocr_line' id='line_1_17' title="bbox 271 1783 1408 1852; baseline 0.001 -14"><span class='ocrx_word' id='word_1_130' title='bbox 271 1786 326 1838; x_wconf 82' lang='grc'><strong>450</strong></span> <span class='ocrx_word' id='word_1_131' title='bbox 372 1786 425 1838; x_wconf 87' lang='lat'><strong>304</strong></span> <span class='ocrx_word' id='word_1_132' title='bbox 461 1786 563 1845; x_wconf 76' lang='lat' dir='ltr'><strong>Xuiri-</strong></span> <span class='ocrx_word' id='word_1_133' title='bbox 575 1787 653 1838; x_wconf 82' lang='lat' dir='ltr'><strong>altero</strong></span> <span class='ocrx_word' id='word_1_134' title='bbox 671 1805 734 1837; x_wconf 87' lang='lat' dir='ltr'><strong>anno</strong></span> <span class='ocrx_word' id='word_1_135' title='bbox 757 1788 879 1837; x_wconf 87' lang='lat' dir='ltr'><strong>creantur</strong></span> <span class='ocrx_word' id='word_1_136' title='bbox 895 1785 1012 1852; x_wconf 88' lang='lat' dir='ltr'><strong>quinque</strong></span> <span class='ocrx_word' id='word_1_137' title='bbox 1028 1800 1062 1837; x_wconf 87' lang='lat' dir='ltr'><strong>ex</strong></span> <span class='ocrx_word' id='word_1_138' title='bbox 1079 1784 1197 1852; x_wconf 86' lang='lat' dir='ltr'><strong>patribus</strong></span> <span class='ocrx_word' id='word_1_139' title='bbox 1215 1783 1266 1851; x_wconf 89' lang='lat' dir='ltr'><strong>Ap.</strong></span> <span class='ocrx_word' id='word_1_140' title='bbox 1285 1784 1408 1839; x_wconf 87' lang='lat' dir='ltr'><strong>Claudius</strong></span> 
     </span>
     <span class='ocr_line' id='line_1_18' title="bbox 383 1855 1408 1925; baseline 0.001 -16"><span class='ocrx_word' id='word_1_141' title='bbox 383 1858 416 1903; x_wconf 82' lang='lat'><strong>6⁰</strong></span> <span class='ocrx_word' id='word_1_142' title='bbox 489 1856 601 1909; x_wconf 85' lang='lat' dir='ltr'><strong>Crassus</strong></span> <span class='ocrx_word' id='word_1_143' title='bbox 626 1856 805 1925; x_wconf 74' lang='lat' dir='ltr'><strong>Inregillensis</strong></span> <span class='ocrx_word' id='word_1_144' title='bbox 829 1855 942 1907; x_wconf 86' lang='lat' dir='ltr'><strong>Sabinus</strong></span> <span class='ocrx_word' id='word_1_145' title='bbox 965 1855 1003 1919; x_wconf 95' lang='grc' dir='ltr'><strong>ΙΙ,</strong></span> <span class='ocrx_word' id='word_1_146' title='bbox 1031 1855 1145 1907; x_wconf 89' lang='lat' dir='ltr'><strong>omnium</strong></span> <span class='ocrx_word' id='word_1_147' title='bbox 1168 1870 1253 1906; x_wconf 90' lang='lat' dir='ltr'><strong>rerum</strong></span> <span class='ocrx_word' id='word_1_148' title='bbox 1276 1857 1408 1925; x_wconf 90' lang='lat' dir='ltr'><strong>princeps,</strong></span> 
     </span>
     <span class='ocr_line' id='line_1_19' title="bbox 374 1925 1409 1994; baseline 0.007 -21"><span class='ocrx_word' id='word_1_149' title='bbox 374 1932 430 1988; x_wconf 87' lang='lat' dir='ltr'><strong>post</strong></span> <span class='ocrx_word' id='word_1_150' title='bbox 492 1928 526 1978; x_wconf 84' lang='lat' dir='ltr'><strong>ll.</strong></span> <span class='ocrx_word' id='word_1_151' title='bbox 546 1926 682 1979; x_wconf 89' lang='lat' dir='ltr'><strong>Cornelius</strong></span> <span class='ocrx_word' id='word_1_152' title='bbox 701 1926 898 1994; x_wconf 76' lang='lat' dir='ltr'><strong>Maluginensis,</strong></span> <span class='ocrx_word' id='word_1_153' title='bbox 917 1925 950 1976; x_wconf 88' lang='grc' dir='ltr'><strong>Μ.</strong></span> <span class='ocrx_word' id='word_1_154' title='bbox 969 1925 1078 1992; x_wconf 84' lang='lat' dir='ltr'><strong>Sergius</strong></span> <span class='ocrx_word' id='word_1_155' title='bbox 1096 1925 1258 1992; x_wconf 83' lang='lat' dir='ltr'><strong>Esquilinus,</strong></span> <span class='ocrx_word' id='word_1_156' title='bbox 1280 1926 1312 1978; x_wconf 89' lang='lat' dir='ltr'><strong>L.</strong></span> <span class='ocrx_word' id='word_1_157' title='bbox 1331 1928 1409 1980; x_wconf 89' lang='grc' dir='ltr'>ΜΙιιιι-</span> 
     </span>
     <span class='ocr_line' id='line_1_20' title="bbox 379 1995 1409 2065; baseline 0.006 -21"><span class='ocrx_word' id='word_1_158' title='bbox 379 2011 429 2057; x_wconf 79' lang='lat' dir='ltr'><strong>reg.</strong></span> <span class='ocrx_word' id='word_1_159' title='bbox 494 1999 550 2049; x_wconf 90' lang='lat' dir='ltr'><strong>cius</strong></span> <span class='ocrx_word' id='word_1_160' title='bbox 568 1997 721 2064; x_wconf 81' lang='lat' dir='ltr'><strong>Esquilinus</strong></span> <span class='ocrx_word' id='word_1_161' title='bbox 740 1996 900 2064; x_wconf 79' lang='lat' dir='ltr'><strong>Augurinus,</strong></span> <span class='ocrx_word' id='word_1_162' title='bbox 924 1995 954 2058; x_wconf 82' lang='lat' dir='ltr'><strong><em>Q.</em></strong></span> <span class='ocrx_word' id='word_1_163' title='bbox 972 1996 1070 2048; x_wconf 83' lang='lat' dir='ltr'><strong>Fabius</strong></span> <span class='ocrx_word' id='word_1_164' title='bbox 1083 1995 1288 2059; x_wconf 90' lang='lat' dir='ltr'><strong>Vibulanus,t</strong></span> <span class='ocrx_word' id='word_1_165' title='bbox 1261 1999 1288 2048; x_wconf 90' lang='lat' dir='ltr'><strong>et</strong></span> <span class='ocrx_word' id='word_1_166' title='bbox 1308 2001 1409 2065; x_wconf 75' lang='lat' dir='ltr'><strong>quincue</strong></span> 
     </span>
     <span class='ocr_line' id='line_1_21' title="bbox 366 2062 1409 2133; baseline 0.009 -20"><span class='ocrx_word' id='word_1_167' title='bbox 366 2062 446 2115; x_wconf 75' lang='lat' dir='ltr'><strong>exact</strong></span> <span class='ocrx_word' id='word_1_168' title='bbox 493 2086 523 2118; x_wconf 77' lang='lat' dir='ltr'><strong>ee</strong></span> <span class='ocrx_word' id='word_1_169' title='bbox 542 2069 626 2133; x_wconf 80' lang='lat' dir='ltr'><strong>plebe:</strong></span> <span class='ocrx_word' id='word_1_170' title='bbox 650 2067 680 2130; x_wconf 82' lang='lat' dir='ltr'>Q</span> <span class='ocrx_word' id='word_1_171' title='bbox 698 2068 831 2119; x_wconf 88' lang='lat' dir='ltr'><strong>Poetelius</strong></span> <span class='ocrx_word' id='word_1_172' title='bbox 854 2065 1052 2130; x_wconf 89' lang='lat' dir='ltr'><strong>LiboVisolus,</strong></span> <span class='ocrx_word' id='word_1_173' title='bbox 1077 2065 1108 2118; x_wconf 89' lang='lat' dir='ltr'><strong><em>T.</em></strong></span> <span class='ocrx_word' id='word_1_174' title='bbox 1126 2066 1180 2118; x_wconf 89' lang='lat' dir='ltr'><strong>Ant</strong></span> <span class='ocrx_word' id='word_1_175' title='bbox 1168 2067 1256 2119; x_wconf 89' lang='lat' dir='ltr'><strong>tonius</strong></span> <span class='ocrx_word' id='word_1_176' title='bbox 1280 2068 1409 2133; x_wconf 81' lang='lat' dir='ltr'><strong>Merenda,</strong></span> 
     </span>
    </p>

    <p class='ocr_par' dir='ltr' id='par_1_9' title="bbox 492 2132 1409 2275">
     <span class='ocr_line' id='line_1_22' title="bbox 492 2132 1408 2260; baseline 0.003 -71"><span class='ocrx_word' id='word_1_177' title='bbox 492 2138 525 2189; x_wconf 88' lang='grc' dir='ltr'><strong>Κ.</strong></span> <span class='ocrx_word' id='word_1_178' title='bbox 545 2137 647 2190; x_wconf 83' lang='lat' dir='ltr'><strong>Duilius</strong></span> <span class='ocrx_word' id='word_1_179' title='bbox 665 2138 781 2260; x_wconf 82' lang='lat' dir='ltr'><strong>Longus,</strong></span> <span class='ocrx_word' id='word_1_180' title='bbox 800 2137 846 2204; x_wconf 91' lang='lat' dir='ltr'><strong>Sp</strong></span> <span class='ocrx_word' id='word_1_181' title='bbox 866 2137 965 2205; x_wconf 88' lang='lat' dir='ltr'><strong>Oppius</strong></span> <span class='ocrx_word' id='word_1_182' title='bbox 978 2137 1116 2200; x_wconf 87' lang='lat' dir='ltr'><strong>Cornicen,</strong></span> <span class='ocrx_word' id='word_1_183' title='bbox 1133 2132 1175 2189; x_wconf 91' lang='grc' dir='ltr'><strong>Μ’.</strong></span> <span class='ocrx_word' id='word_1_184' title='bbox 1189 2138 1343 2191; x_wconf 83' lang='lat' dir='ltr'><strong>Rabuleius.</strong></span> <span class='ocrx_word' id='word_1_185' title='bbox 1375 2141 1408 2192; x_wconf 91' lang='lat' dir='ltr'><strong>ld.</strong></span> 
     </span>
     <span class='ocr_line' id='line_1_23' title="bbox 492 2207 1409 2275; baseline 0.004 -16"><span class='ocrx_word' id='word_1_186' title='bbox 492 2207 567 2272; x_wconf 84' lang='lat' dir='ltr'><strong>licis,</strong></span> <span class='ocrx_word' id='word_1_187' title='bbox 587 2208 729 2274; x_wconf 88' lang='lat' dir='ltr'><strong>qnodtum</strong></span> <span class='ocrx_word' id='word_1_188' title='bbox 685 2208 862 2259; x_wconf 87' lang='lat' dir='ltr'><strong>umsolemue</strong></span> <span class='ocrx_word' id='word_1_189' title='bbox 881 2208 942 2259; x_wconf 90' lang='lat' dir='ltr'><strong>anui</strong></span> <span class='ocrx_word' id='word_1_190' title='bbox 960 2209 1125 2275; x_wconf 91' lang='lat' dir='ltr'><strong>principium,</strong></span> <span class='ocrx_word' id='word_1_191' title='bbox 1143 2208 1242 2259; x_wconf 90' lang='lat' dir='ltr'><strong>ineunt.</strong></span> <span class='ocrx_word' id='word_1_192' title='bbox 1280 2209 1409 2263; x_wconf 87' lang='lat' dir='ltr'><strong>Societata</strong></span> 
     </span>
    </p>

    <p class='ocr_par' dir='ltr' id='par_1_10' title="bbox 422 2277 1409 2402">
     <span class='ocr_line' id='line_1_24' title="bbox 422 2277 1409 2346; baseline 0.005 -17"><span class='ocrx_word' id='word_1_193' title='bbox 422 2329 426 2337; x_wconf 82' lang='grc'><strong>,</strong></span> <span class='ocrx_word' id='word_1_194' title='bbox 492 2279 560 2330; x_wconf 90' lang='lat' dir='ltr'><strong>inter</strong></span> <span class='ocrx_word' id='word_1_195' title='bbox 578 2293 607 2330; x_wconf 91' lang='lat' dir='ltr'><strong>se</strong></span> <span class='ocrx_word' id='word_1_196' title='bbox 625 2277 696 2330; x_wconf 69' lang='lat' dir='ltr'><strong>mota</strong></span> <span class='ocrx_word' id='word_1_197' title='bbox 713 2278 914 2330; x_wconf 74' lang='lat' dir='ltr'><strong>decemuiratum</strong></span> <span class='ocrx_word' id='word_1_198' title='bbox 932 2284 1086 2346; x_wconf 90' lang='lat' dir='ltr'><strong>perpetuum</strong></span> <span class='ocrx_word' id='word_1_199' title='bbox 1097 2277 1183 2330; x_wconf 87' lang='lat' dir='ltr'><strong>facere</strong></span> <span class='ocrx_word' id='word_1_200' title='bbox 1196 2283 1293 2332; x_wconf 82' lang='lat' dir='ltr'><strong>conant</strong></span> <span class='ocrx_word' id='word_1_201' title='bbox 1294 2297 1334 2333; x_wconf 87' lang='lat' dir='ltr'><strong>ar.</strong></span> <span class='ocrx_word' id='word_1_202' title='bbox 1362 2280 1409 2334; x_wconf 87' lang='lat' dir='ltr'><strong>Ad·</strong></span> 
     </span>
     <span class='ocr_line' id='line_1_25' title="bbox 492 2348 902 2402; baseline -0.002 0"><span class='ocrx_word' id='word_1_203' title='bbox 492 2349 557 2402; x_wconf 94' lang='lat' dir='ltr'><strong>dunt</strong></span> <span class='ocrx_word' id='word_1_204' title='bbox 545 2352 589 2401; x_wconf 89' lang='lat' dir='ltr'><strong>tur</strong></span> <span class='ocrx_word' id='word_1_205' title='bbox 605 2349 696 2402; x_wconf 89' lang='lat' dir='ltr'><strong>decom</strong></span> <span class='ocrx_word' id='word_1_206' title='bbox 713 2350 809 2401; x_wconf 90' lang='lat' dir='ltr'><strong>tabulis</strong></span> <span class='ocrx_word' id='word_1_207' title='bbox 828 2348 902 2401; x_wconf 88' lang='lat' dir='ltr'><strong>duae.</strong></span> 
     </span>
    </p>

    <p class='ocr_par' dir='ltr' id='par_1_11' title="bbox 273 2417 1409 2558">
     <span class='ocr_line' id='line_1_26' title="bbox 273 2417 1409 2502; baseline 0.004 -31"><span class='ocrx_word' id='word_1_208' title='bbox 273 2418 339 2472; x_wconf 79' lang='lat'><strong>449.</strong></span> <span class='ocrx_word' id='word_1_209' title='bbox 375 2417 427 2472; x_wconf 81' lang='lat'><strong>305</strong></span> <span class='ocrx_word' id='word_1_210' title='bbox 463 2419 496 2470; x_wconf 87' lang='lat' dir='ltr'>X</span> <span class='ocrx_word' id='word_1_211' title='bbox 509 2422 558 2471; x_wconf 73' lang='lat' dir='ltr'><strong>viii</strong></span> <span class='ocrx_word' id='word_1_212' title='bbox 575 2422 660 2483; x_wconf 73' lang='lat' dir='ltr'><strong>lidan,</strong></span> <span class='ocrx_word' id='word_1_213' title='bbox 685 2422 755 2471; x_wconf 72' lang='lat' dir='ltr'><strong>cauo</strong></span> <span class='ocrx_word' id='word_1_214' title='bbox 774 2433 841 2471; x_wconf 85' lang='lat' dir='ltr'><strong>anno</strong></span> <span class='ocrx_word' id='word_1_215' title='bbox 859 2419 941 2472; x_wconf 86' lang='lat' dir='ltr'><strong>inrito</strong></span> <span class='ocrx_word' id='word_1_216' title='bbox 914 2419 1069 2487; x_wconf 89' lang='lat' dir='ltr'><strong>t‚populo</strong></span> <span class='ocrx_word' id='word_1_217' title='bbox 1094 2418 1141 2472; x_wconf 91' lang='lat' dir='ltr'><strong>sed</strong></span> <span class='ocrx_word' id='word_1_218' title='bbox 1159 2418 1291 2502; x_wconf 87' lang='lat' dir='ltr'><strong>plerisque</strong></span> <span class='ocrx_word' id='word_1_219' title='bbox 1311 2425 1409 2488; x_wconf 88' lang='lat' dir='ltr'><strong>patrum</strong></span> 
     </span>
     <span class='ocr_line' id='line_1_27' title="bbox 493 2490 1336 2558; baseline 0.002 -16"><span class='ocrx_word' id='word_1_220' title='bbox 493 2491 561 2543; x_wconf 91' lang='lat' dir='ltr'><strong>haud</strong></span> <span class='ocrx_word' id='word_1_221' title='bbox 580 2492 689 2543; x_wconf 90' lang='lat' dir='ltr'><strong>obscure</strong></span> <span class='ocrx_word' id='word_1_222' title='bbox 707 2491 818 2558; x_wconf 88' lang='lat' dir='ltr'><strong>probant</strong></span> <span class='ocrx_word' id='word_1_223' title='bbox 807 2491 886 2553; x_wconf 88' lang='lat' dir='ltr'><strong>tibus,</strong></span> <span class='ocrx_word' id='word_1_224' title='bbox 903 2505 938 2557; x_wconf 92' lang='lat' dir='ltr'><strong>po</strong></span> <span class='ocrx_word' id='word_1_225' title='bbox 939 2492 1060 2542; x_wconf 89' lang='lat' dir='ltr'><strong>testatem</strong></span> <span class='ocrx_word' id='word_1_226' title='bbox 1078 2490 1194 2557; x_wconf 81' lang='lat' dir='ltr'><strong>pervim</strong></span> <span class='ocrx_word' id='word_1_227' title='bbox 1213 2492 1336 2544; x_wconf 85' lang='lat' dir='ltr'><strong>retinent.</strong></span> 
     </span>
    </p>

    <p class='ocr_par' dir='ltr' id='par_1_12' title="bbox 492 2529 1411 2841">
     <span class='ocr_line' id='line_1_28' title="bbox 530 2529 1410 2636; baseline 0.003 -23"><span class='ocrx_word' id='word_1_228' title='bbox 530 2561 635 2614; x_wconf 86' lang='lat' dir='ltr'><strong>Scelere</strong></span> <span class='ocrx_word' id='word_1_229' title='bbox 653 2560 794 2629; x_wconf 75' lang='lat' dir='ltr'><strong>flagitioso,</strong></span> <span class='ocrx_word' id='word_1_230' title='bbox 812 2529 886 2628; x_wconf 78' lang='lat' dir='ltr'><strong>quod</strong></span> <span class='ocrx_word' id='word_1_231' title='bbox 896 2560 962 2628; x_wconf 91' lang='lat' dir='ltr'><strong>App</strong></span> <span class='ocrx_word' id='word_1_232' title='bbox 976 2560 1099 2613; x_wconf 90' lang='lat' dir='ltr'><strong>Claudius</strong></span> <span class='ocrx_word' id='word_1_233' title='bbox 1119 2560 1189 2612; x_wconf 91' lang='lat' dir='ltr'><strong>inL</strong></span> <span class='ocrx_word' id='word_1_234' title='bbox 1198 2560 1327 2636; x_wconf 79' lang='lat' dir='ltr'><strong>Verginio</strong></span> <span class='ocrx_word' id='word_1_235' title='bbox 1344 2565 1410 2616; x_wconf 86' lang='lat' dir='ltr'><strong>eius·</strong></span> 
     </span>
     <span class='ocr_line' id='line_1_29' title="bbox 496 2629 1410 2699; baseline 0.003 -16"><span class='ocrx_word' id='word_1_236' title='bbox 496 2646 546 2698; x_wconf 90' lang='lat' dir='ltr'><strong>que</strong></span> <span class='ocrx_word' id='word_1_237' title='bbox 563 2630 619 2684; x_wconf 88' lang='lat' dir='ltr'><strong>fflia</strong></span> <span class='ocrx_word' id='word_1_238' title='bbox 637 2631 726 2696; x_wconf 86' lang='lat' dir='ltr'><strong>edidit,</strong></span> <span class='ocrx_word' id='word_1_239' title='bbox 744 2632 816 2685; x_wconf 84' lang='lat' dir='ltr'><strong>cives</strong></span> <span class='ocrx_word' id='word_1_240' title='bbox 833 2632 860 2684; x_wconf 93' lang='lat' dir='ltr'><strong>in</strong></span> <span class='ocrx_word' id='word_1_241' title='bbox 879 2632 943 2683; x_wconf 88' lang='lat' dir='ltr'><strong>urbe</strong></span> <span class='ocrx_word' id='word_1_242' title='bbox 961 2632 1107 2699; x_wconf 79' lang='lat' dir='ltr'><strong>castrisque</strong></span> <span class='ocrx_word' id='word_1_243' title='bbox 1125 2629 1248 2683; x_wconf 87' lang='lat' dir='ltr'><strong>commoti</strong></span> <span class='ocrx_word' id='word_1_244' title='bbox 1264 2634 1360 2685; x_wconf 90' lang='lat' dir='ltr'><strong>iterum</strong></span> <span class='ocrx_word' id='word_1_245' title='bbox 1374 2650 1410 2686; x_wconf 88' lang='lat' dir='ltr'><strong>se-</strong></span> 
     </span>
     <span class='ocr_line' id='line_1_30' title="bbox 494 2672 1411 2770; baseline 0.004 -16"><span class='ocrx_word' id='word_1_246' title='bbox 494 2702 614 2755; x_wconf 89' lang='lat' dir='ltr'><strong>cedunt</strong></span> <span class='ocrx_word' id='word_1_247' title='bbox 606 2719 634 2754; x_wconf 89' lang='grc' dir='ltr'><strong>ιιι</strong></span> <span class='ocrx_word' id='word_1_248' title='bbox 651 2672 766 2755; x_wconf 84' lang='lat' dir='ltr'><strong>monlem</strong></span> <span class='ocrx_word' id='word_1_249' title='bbox 783 2717 894 2766; x_wconf 91' lang='lat' dir='ltr'><strong>sacrum,</strong></span> <span class='ocrx_word' id='word_1_250' title='bbox 913 2706 940 2754; x_wconf 93' lang='lat' dir='ltr'><strong>et</strong></span> <span class='ocrx_word' id='word_1_251' title='bbox 957 2703 1003 2753; x_wconf 83' lang='lat' dir='ltr'><strong>rix</strong></span> <span class='ocrx_word' id='word_1_252' title='bbox 1020 2718 1067 2770; x_wconf 88' lang='lat' dir='ltr'><strong>por</strong></span> <span class='ocrx_word' id='word_1_253' title='bbox 1085 2701 1114 2754; x_wconf 92' lang='lat' dir='ltr'><strong><em>L.</em></strong></span> <span class='ocrx_word' id='word_1_254' title='bbox 1125 2702 1258 2754; x_wconf 87' lang='lat' dir='ltr'><strong>Valerium</strong></span> <span class='ocrx_word' id='word_1_255' title='bbox 1276 2707 1304 2755; x_wconf 90' lang='lat' dir='ltr'><strong>et</strong></span> <span class='ocrx_word' id='word_1_256' title='bbox 1316 2704 1411 2758; x_wconf 84' lang='grc' dir='ltr'><strong>Μ.Ηο</strong></span> 
     </span>
     <span class='ocr_line' id='line_1_31' title="bbox 492 2773 1028 2841; baseline -0.004 -16"><span class='ocrx_word' id='word_1_257' title='bbox 492 2774 587 2825; x_wconf 91' lang='lat' dir='ltr'><strong>ratium</strong></span> <span class='ocrx_word' id='word_1_258' title='bbox 606 2789 665 2825; x_wconf 90' lang='lat' dir='ltr'><strong>cum</strong></span> <span class='ocrx_word' id='word_1_259' title='bbox 683 2774 800 2841; x_wconf 91' lang='lat' dir='ltr'><strong>patribus</strong></span> <span class='ocrx_word' id='word_1_260' title='bbox 819 2773 1028 2825; x_wconf 88' lang='lat' dir='ltr'><strong>reconciliantur.</strong></span> 
     </span>
    </p>

    <p class='ocr_par' dir='ltr' id='par_1_13' title="bbox 327 2841 1412 3053">
     <span class='ocr_line' id='line_1_32' title="bbox 327 2841 1412 2912; baseline -0.002 -12"><span class='ocrx_word' id='word_1_261' title='bbox 327 2893 330 2900; x_wconf 96' lang='lat'><strong><em>.</em></strong></span> <span class='ocrx_word' id='word_1_262' title='bbox 459 2844 520 2897; x_wconf 90' lang='lat' dir='ltr'><strong>Cos.</strong></span> <span class='ocrx_word' id='word_1_263' title='bbox 537 2847 658 2897; x_wconf 87' lang='lat' dir='ltr'><strong>creantur</strong></span> <span class='ocrx_word' id='word_1_264' title='bbox 677 2844 752 2907; x_wconf 89' lang='lat' dir='ltr'><strong>(nam</strong></span> <span class='ocrx_word' id='word_1_265' title='bbox 771 2845 810 2896; x_wconf 89' lang='lat' dir='ltr'><strong>sic</strong></span> <span class='ocrx_word' id='word_1_266' title='bbox 828 2846 883 2895; x_wconf 92' lang='lat' dir='ltr'><strong>tum</strong></span> <span class='ocrx_word' id='word_1_267' title='bbox 895 2845 1006 2912; x_wconf 90' lang='lat' dir='ltr'><strong>primum</strong></span> <span class='ocrx_word' id='word_1_268' title='bbox 1019 2843 1142 2911; x_wconf 87' lang='lat' dir='ltr'><strong>appellati</strong></span> <span class='ocrx_word' id='word_1_269' title='bbox 1154 2841 1228 2904; x_wconf 89' lang='lat' dir='ltr'><strong>sunt)</strong></span> <span class='ocrx_word' id='word_1_270' title='bbox 1249 2844 1282 2896; x_wconf 90' lang='lat' dir='ltr'><strong><em>L.</em></strong></span> <span class='ocrx_word' id='word_1_271' title='bbox 1299 2845 1412 2898; x_wconf 82' lang='lat' dir='ltr'><strong>Valerius</strong></span> 
     </span>
     <span class='ocr_line' id='line_1_33' title="bbox 411 2914 1412 2981; baseline 0.001 -14"><span class='ocrx_word' id='word_1_272' title='bbox 411 2930 414 2935; x_wconf 90' lang='lat'>&#39;</span> <span class='ocrx_word' id='word_1_273' title='bbox 492 2917 621 2981; x_wconf 78' lang='lat' dir='ltr'><strong>Poplicola</strong></span> <span class='ocrx_word' id='word_1_274' title='bbox 640 2916 749 2978; x_wconf 87' lang='lat' dir='ltr'><strong>Potitus,</strong></span> <span class='ocrx_word' id='word_1_275' title='bbox 773 2916 810 2966; x_wconf 85' lang='lat' dir='ltr'><strong><em>M.</em></strong></span> <span class='ocrx_word' id='word_1_276' title='bbox 829 2916 951 2966; x_wconf 84' lang='lat' dir='ltr'><strong>Horatius</strong></span> <span class='ocrx_word' id='word_1_277' title='bbox 968 2915 1077 2965; x_wconf 85' lang='lat' dir='ltr'><strong>Bardat.</strong></span> <span class='ocrx_word' id='word_1_278' title='bbox 1117 2914 1199 2980; x_wconf 70' lang='lat' dir='ltr'><strong>Lepas</strong></span> <span class='ocrx_word' id='word_1_279' title='bbox 1221 2914 1338 2967; x_wconf 84' lang='lat' dir='ltr'><strong>Valeriae</strong></span> <span class='ocrx_word' id='word_1_280' title='bbox 1363 2918 1412 2968; x_wconf 87' lang='lat' dir='ltr'><strong>Ho-</strong></span> 
     </span>
     <span class='ocr_line' id='line_1_34' title="bbox 494 2984 1411 3053; baseline 0.003 -16"><span class='ocrx_word' id='word_1_281' title='bbox 494 2989 575 3038; x_wconf 81' lang='lat' dir='ltr'><strong>ratiae</strong></span> <span class='ocrx_word' id='word_1_282' title='bbox 593 2985 711 3038; x_wconf 78' lang='lat' dir='ltr'><strong>feruntur</strong></span> <span class='ocrx_word' id='word_1_283' title='bbox 723 2985 756 3037; x_wconf 92' lang='lat' dir='ltr'><strong>de</strong></span> <span class='ocrx_word' id='word_1_284' title='bbox 768 2986 923 3053; x_wconf 87' lang='lat' dir='ltr'><strong>plebiscitis,</strong></span> <span class='ocrx_word' id='word_1_285' title='bbox 942 2989 971 3036; x_wconf 88' lang='lat' dir='ltr'><strong>ut</strong></span> <span class='ocrx_word' id='word_1_286' title='bbox 983 2984 1052 3051; x_wconf 92' lang='lat' dir='ltr'><strong>quod</strong></span> <span class='ocrx_word' id='word_1_287' title='bbox 1064 2984 1180 3036; x_wconf 87' lang='lat' dir='ltr'><strong>tributim</strong></span> <span class='ocrx_word' id='word_1_288' title='bbox 1192 2984 1267 3051; x_wconf 90' lang='lat' dir='ltr'><strong>plebs</strong></span> <span class='ocrx_word' id='word_1_289' title='bbox 1280 2986 1411 3052; x_wconf 85' lang='lat' dir='ltr'><strong>iussisset,</strong></span> 
     </span>
    </p>

    <p class='ocr_par' dir='ltr' id='par_1_14' title="bbox 493 3053 1412 3126">
     <span class='ocr_line' id='line_1_35' title="bbox 493 3053 1412 3126; baseline 0.002 -17"><span class='ocrx_word' id='word_1_290' title='bbox 493 3058 618 3125; x_wconf 88' lang='lat' dir='ltr'><strong>populum</strong></span> <span class='ocrx_word' id='word_1_291' title='bbox 637 3059 739 3109; x_wconf 87' lang='lat' dir='ltr'><strong>teneret</strong></span> <span class='ocrx_word' id='word_1_292' title='bbox 757 3056 814 3118; x_wconf 90' lang='lat' dir='ltr'><strong>(bis</strong></span> <span class='ocrx_word' id='word_1_293' title='bbox 833 3055 926 3108; x_wconf 88' lang='lat' dir='ltr'><strong>deiude</strong></span> <span class='ocrx_word' id='word_1_294' title='bbox 944 3055 1027 3107; x_wconf 86' lang='lat' dir='ltr'><strong>relata</strong></span> <span class='ocrx_word' id='word_1_295' title='bbox 1044 3070 1067 3106; x_wconf 88' lang='lat' dir='ltr'><strong>a.</strong></span> <span class='ocrx_word' id='word_1_296' title='bbox 1085 3053 1138 3107; x_wconf 81' lang='lat'><strong>339</strong></span> <span class='ocrx_word' id='word_1_297' title='bbox 1157 3058 1183 3106; x_wconf 92' lang='lat' dir='ltr'><strong>et</strong></span> <span class='ocrx_word' id='word_1_298' title='bbox 1201 3054 1277 3119; x_wconf 77' lang='lat'><strong>286),</strong></span> <span class='ocrx_word' id='word_1_299' title='bbox 1302 3056 1335 3108; x_wconf 89' lang='lat' dir='ltr'><strong>de</strong></span> <span class='ocrx_word' id='word_1_300' title='bbox 1354 3073 1412 3126; x_wconf 90' lang='lat' dir='ltr'><strong>pro·</strong></span> 
     </span>
    </p>

    <p class='ocr_par' dir='ltr' id='par_1_15' title="bbox 491 3126 1411 3193">
     <span class='ocr_line' id='line_1_36' title="bbox 491 3126 1411 3193; baseline 0.001 -13"><span class='ocrx_word' id='word_1_301' title='bbox 491 3129 628 3180; x_wconf 73' lang='lat' dir='ltr'><strong>vocatone</strong></span> <span class='ocrx_word' id='word_1_302' title='bbox 651 3130 678 3179; x_wconf 91' lang='lat' dir='ltr'><strong>et</strong></span> <span class='ocrx_word' id='word_1_303' title='bbox 696 3128 835 3179; x_wconf 88' lang='lat' dir='ltr'><strong>sanctitate</strong></span> <span class='ocrx_word' id='word_1_304' title='bbox 857 3127 1018 3179; x_wconf 88' lang='lat' dir='ltr'><strong>tribunorum</strong></span> <span class='ocrx_word' id='word_1_305' title='bbox 1036 3126 1129 3193; x_wconf 89' lang='lat' dir='ltr'><strong>plebis.</strong></span> <span class='ocrx_word' id='word_1_306' title='bbox 1170 3126 1239 3192; x_wconf 74' lang='lat' dir='ltr'><strong>Lepe</strong></span> <span class='ocrx_word' id='word_1_307' title='bbox 1256 3128 1350 3179; x_wconf 87' lang='lat' dir='ltr'><strong>Duilio</strong></span> <span class='ocrx_word' id='word_1_308' title='bbox 1367 3130 1411 3181; x_wconf 87' lang='lat' dir='ltr'><strong>tri·</strong></span> 
     </span>
    </p>
   </div>
   <div class='ocr_carea' id='block_1_4' title="bbox 492 3196 1495 3265">
    <p class='ocr_par' dir='ltr' id='par_1_16' title="bbox 492 3196 1495 3265">
     <span class='ocr_line' id='line_1_37' title="bbox 492 3196 1495 3265; baseline -0.006 -14"><span class='ocrx_word' id='word_1_309' title='bbox 492 3199 598 3252; x_wconf 87' lang='lat' dir='ltr'><strong>banicia</strong></span> <span class='ocrx_word' id='word_1_310' title='bbox 617 3199 741 3261; x_wconf 87' lang='lat' dir='ltr'><strong>sancitur,</strong></span> <span class='ocrx_word' id='word_1_311' title='bbox 759 3213 792 3248; x_wconf 91' lang='lat' dir='ltr'><strong>ne</strong></span> <span class='ocrx_word' id='word_1_312' title='bbox 811 3199 870 3264; x_wconf 90' lang='lat' dir='ltr'><strong>quis</strong></span> <span class='ocrx_word' id='word_1_313' title='bbox 881 3198 984 3265; x_wconf 89' lang='lat' dir='ltr'><strong>plebem</strong></span> <span class='ocrx_word' id='word_1_314' title='bbox 996 3198 1053 3249; x_wconf 89' lang='lat' dir='ltr'><strong>sine</strong></span> <span class='ocrx_word' id='word_1_315' title='bbox 1065 3196 1177 3248; x_wconf 90' lang='lat' dir='ltr'><strong>tribunis</strong></span> <span class='ocrx_word' id='word_1_316' title='bbox 1189 3196 1327 3264; x_wconf 88' lang='lat' dir='ltr'><strong>relinquat,</strong></span> <span class='ocrx_word' id='word_1_317' title='bbox 1346 3215 1410 3252; x_wconf 86' lang='lat' dir='ltr'><strong>nere</strong></span> <span class='ocrx_word' id='word_1_318' title='bbox 1494 3210 1495 3245; x_wconf 70' lang='lat' dir='ltr'><strong>l</strong></span> 
     </span>
    </p>
   </div>
   <div class='ocr_carea' id='block_1_5' title="bbox 493 3267 1411 3336">
    <p class='ocr_par' dir='ltr' id='par_1_17' title="bbox 493 3267 1411 3336">
     <span class='ocr_line' id='line_1_38' title="bbox 493 3267 1411 3336; baseline 0.003 -16"><span class='ocrx_word' id='word_1_319' title='bbox 493 3269 675 3336; x_wconf 84' lang='lat' dir='ltr'><strong>magistratum</strong></span> <span class='ocrx_word' id='word_1_320' title='bbox 693 3269 749 3319; x_wconf 91' lang='lat' dir='ltr'><strong>sinc</strong></span> <span class='ocrx_word' id='word_1_321' title='bbox 767 3269 950 3335; x_wconf 84' lang='lat' dir='ltr'><strong>provocatione</strong></span> <span class='ocrx_word' id='word_1_322' title='bbox 968 3270 1047 3319; x_wconf 88' lang='lat' dir='ltr'><strong>creet.</strong></span> <span class='ocrx_word' id='word_1_323' title='bbox 1074 3267 1102 3319; x_wconf 89' lang='lat' dir='ltr'>X</span> <span class='ocrx_word' id='word_1_324' title='bbox 1113 3267 1163 3318; x_wconf 84' lang='lat' dir='ltr'><strong>riri</strong></span> <span class='ocrx_word' id='word_1_325' title='bbox 1181 3270 1226 3318; x_wconf 88' lang='lat' dir='ltr'><strong>aut</strong></span> <span class='ocrx_word' id='word_1_326' title='bbox 1238 3272 1348 3321; x_wconf 92' lang='lat' dir='ltr'><strong>mortem</strong></span> <span class='ocrx_word' id='word_1_327' title='bbox 1362 3271 1411 3323; x_wconf 89' lang='lat' dir='ltr'><strong>sibi</strong></span> 
     </span>
    </p>
   </div>
   <div class='ocr_carea' id='block_1_6' title="bbox 494 3337 1495 3405">
    <p class='ocr_par' dir='ltr' id='par_1_18' title="bbox 494 3337 1495 3405">
     <span class='ocr_line' id='line_1_39' title="bbox 494 3337 1495 3405; baseline 0.003 -14"><span class='ocrx_word' id='word_1_328' title='bbox 494 3340 662 3391; x_wconf 89' lang='lat' dir='ltr'><strong>consciscunt</strong></span> <span class='ocrx_word' id='word_1_329' title='bbox 674 3340 857 3403; x_wconf 71' lang='lat' dir='ltr'><strong>occursitant</strong></span> <span class='ocrx_word' id='word_1_330' title='bbox 867 3339 942 3391; x_wconf 83' lang='lat' dir='ltr'><strong>exilii</strong></span> <span class='ocrx_word' id='word_1_331' title='bbox 954 3353 1034 3390; x_wconf 87' lang='lat' dir='ltr'><strong>causa</strong></span> <span class='ocrx_word' id='word_1_332' title='bbox 1046 3337 1131 3390; x_wconf 91' lang='lat' dir='ltr'><strong>solum</strong></span> <span class='ocrx_word' id='word_1_333' title='bbox 1142 3341 1254 3389; x_wconf 72' lang='lat' dir='ltr'><strong>renunt.</strong></span> <span class='ocrx_word' id='word_1_334' title='bbox 1274 3337 1412 3405; x_wconf 89' lang='lat' dir='ltr'><strong>Consules,</strong></span> <span class='ocrx_word' id='word_1_335' title='bbox 1494 3390 1495 3401; x_wconf 69' lang='grc'>,</span> 
     </span>
    </p>
   </div>
   <div class='ocr_carea' id='block_1_7' title="bbox 274 3408 1495 4609">
    <p class='ocr_par' dir='ltr' id='par_1_19' title="bbox 493 3408 1414 3680">
     <span class='ocr_line' id='line_1_40' title="bbox 494 3408 1413 3479; baseline 0.004 -19"><span class='ocrx_word' id='word_1_336' title='bbox 494 3409 615 3461; x_wconf 91' lang='lat' dir='ltr'><strong>Valerius</strong></span> <span class='ocrx_word' id='word_1_337' title='bbox 632 3408 739 3476; x_wconf 85' lang='lat' dir='ltr'><strong>Aequos</strong></span> <span class='ocrx_word' id='word_1_338' title='bbox 751 3410 928 3478; x_wconf 84' lang='lat' dir='ltr'><strong>Volscosque,</strong></span> <span class='ocrx_word' id='word_1_339' title='bbox 951 3409 1076 3461; x_wconf 87' lang='lat' dir='ltr'><strong>Horatius</strong></span> <span class='ocrx_word' id='word_1_340' title='bbox 1095 3408 1207 3461; x_wconf 87' lang='lat' dir='ltr'><strong>Sabinos</strong></span> <span class='ocrx_word' id='word_1_341' title='bbox 1226 3412 1279 3460; x_wconf 89' lang='lat' dir='ltr'><strong>tam</strong></span> <span class='ocrx_word' id='word_1_342' title='bbox 1298 3413 1413 3479; x_wconf 78' lang='lat' dir='ltr'><strong>graviter</strong></span> 
     </span>
     <span class='ocr_line' id='line_1_41' title="bbox 494 3477 1412 3548; baseline 0.007 -18"><span class='ocrx_word' id='word_1_343' title='bbox 494 3478 641 3547; x_wconf 80' lang='lat' dir='ltr'><strong>profligant,</strong></span> <span class='ocrx_word' id='word_1_344' title='bbox 664 3482 694 3531; x_wconf 93' lang='lat' dir='ltr'><strong>ut</strong></span> <span class='ocrx_word' id='word_1_345' title='bbox 712 3479 803 3532; x_wconf 87' lang='lat' dir='ltr'><strong>Sabini</strong></span> <span class='ocrx_word' id='word_1_346' title='bbox 821 3481 924 3548; x_wconf 89' lang='lat' dir='ltr'><strong>quidem</strong></span> <span class='ocrx_word' id='word_1_347' title='bbox 947 3481 1022 3532; x_wconf 90' lang='lat' dir='ltr'><strong>annis</strong></span> <span class='ocrx_word' id='word_1_348' title='bbox 1043 3477 1093 3531; x_wconf 79' lang='grc'><strong>165</strong></span> <span class='ocrx_word' id='word_1_349' title='bbox 1112 3478 1208 3531; x_wconf 91' lang='lat' dir='ltr'><strong>bellum</strong></span> <span class='ocrx_word' id='word_1_350' title='bbox 1227 3482 1320 3532; x_wconf 78' lang='lat' dir='ltr'><strong>ccntm</strong></span> <span class='ocrx_word' id='word_1_351' title='bbox 1338 3482 1412 3536; x_wconf 69' lang='lat' dir='ltr'><strong>lium</strong></span> 
     </span>
     <span class='ocr_line' id='line_1_42' title="bbox 494 3547 1414 3619; baseline 0.007 -18"><span class='ocrx_word' id='word_1_352' title='bbox 494 3564 547 3602; x_wconf 92' lang='lat' dir='ltr'><strong>non</strong></span> <span class='ocrx_word' id='word_1_353' title='bbox 568 3552 698 3602; x_wconf 81' lang='lat' dir='ltr'><strong>morcant.</strong></span> <span class='ocrx_word' id='word_1_354' title='bbox 734 3547 821 3611; x_wconf 90' lang='lat' dir='ltr'><strong>(Inter</strong></span> <span class='ocrx_word' id='word_1_355' title='bbox 838 3552 956 3604; x_wconf 89' lang='lat' dir='ltr'><strong>tribunos</strong></span> <span class='ocrx_word' id='word_1_356' title='bbox 979 3550 1064 3618; x_wconf 90' lang='lat' dir='ltr'><strong>plebis</strong></span> <span class='ocrx_word' id='word_1_357' title='bbox 1085 3552 1149 3602; x_wconf 87' lang='lat' dir='ltr'><strong>aunt</strong></span> <span class='ocrx_word' id='word_1_358' title='bbox 1169 3549 1215 3618; x_wconf 87' lang='lat' dir='ltr'><strong>Sp.</strong></span> <span class='ocrx_word' id='word_1_359' title='bbox 1234 3551 1365 3619; x_wconf 87' lang='lat' dir='ltr'><strong>Tarpeius</strong></span> <span class='ocrx_word' id='word_1_360' title='bbox 1388 3558 1414 3606; x_wconf 89' lang='lat' dir='ltr'><strong>et</strong></span> 
     </span>
     <span class='ocr_line' id='line_1_43' title="bbox 493 3618 1117 3685; baseline 0.003 -14"><span class='ocrx_word' id='word_1_361' title='bbox 493 3620 525 3671; x_wconf 88' lang='lat' dir='ltr'><strong>A</strong></span> <span class='ocrx_word' id='word_1_362' title='bbox 542 3619 675 3684; x_wconf 87' lang='lat' dir='ltr'><strong>Aternius,</strong></span> <span class='ocrx_word' id='word_1_363' title='bbox 694 3621 845 3674; x_wconf 88' lang='lat' dir='ltr'><strong>consulares</strong></span> <span class='ocrx_word' id='word_1_364' title='bbox 863 3623 921 3685; x_wconf 87' lang='lat' dir='ltr'><strong>riri,</strong></span> <span class='ocrx_word' id='word_1_365' title='bbox 940 3621 996 3673; x_wconf 85' lang='lat' dir='ltr'><strong>Lir.</strong></span> <span class='ocrx_word' id='word_1_366' title='bbox 1015 3621 1040 3684; x_wconf 89' lang='grc'><strong>3,</strong></span> <span class='ocrx_word' id='word_1_367' title='bbox 1059 3618 1117 3680; x_wconf 80' lang='lat'><strong>65)</strong></span> 
     </span>
    </p>

    <p class='ocr_par' dir='ltr' id='par_1_20' title="bbox 274 3658 1413 3900">
     <span class='ocr_line' id='line_1_44' title="bbox 274 3658 1413 3774; baseline 0.003 -30"><span class='ocrx_word' id='word_1_368' title='bbox 274 3692 327 3744; x_wconf 83' lang='lat'><strong>448</strong></span> <span class='ocrx_word' id='word_1_369' title='bbox 375 3692 427 3745; x_wconf 84' lang='grc'><strong>300</strong></span> <span class='ocrx_word' id='word_1_370' title='bbox 465 3690 527 3744; x_wconf 85' lang='lat' dir='ltr'><strong>Cos</strong></span> <span class='ocrx_word' id='word_1_371' title='bbox 550 3691 607 3741; x_wconf 89' lang='lat' dir='ltr'><strong>Lar</strong></span> <span class='ocrx_word' id='word_1_372' title='bbox 623 3658 766 3742; x_wconf 76' lang='lat' dir='ltr'><strong>Heininius</strong></span> <span class='ocrx_word' id='word_1_373' title='bbox 782 3693 928 3756; x_wconf 79' lang='lat' dir='ltr'><strong>Aquiliana,</strong></span> <span class='ocrx_word' id='word_1_374' title='bbox 958 3692 986 3742; x_wconf 86' lang='grc' dir='ltr'><strong>Τ.</strong></span> <span class='ocrx_word' id='word_1_375' title='bbox 993 3692 1133 3774; x_wconf 41' lang='lat' dir='ltr'><strong>&#39;Vercinius</strong></span> <span class='ocrx_word' id='word_1_376' title='bbox 1154 3691 1258 3744; x_wconf 81' lang='lat' dir='ltr'><strong>Tricost.</strong></span> <span class='ocrx_word' id='word_1_377' title='bbox 1279 3693 1413 3758; x_wconf 80' lang='lat' dir='ltr'><strong>Caelium.)</strong></span> 
     </span>
     <span class='ocr_line' id='line_1_45' title="bbox 492 3761 1412 3829; baseline 0.007 -16"><span class='ocrx_word' id='word_1_378' title='bbox 492 3761 549 3814; x_wconf 84' lang='lat' dir='ltr'><strong>Lex</strong></span> <span class='ocrx_word' id='word_1_379' title='bbox 568 3761 699 3813; x_wconf 88' lang='lat' dir='ltr'><strong>Trebonia</strong></span> <span class='ocrx_word' id='word_1_380' title='bbox 716 3762 776 3813; x_wconf 87' lang='lat' dir='ltr'><strong>trib.</strong></span> <span class='ocrx_word' id='word_1_381' title='bbox 795 3762 884 3826; x_wconf 88' lang='lat' dir='ltr'><strong>fertur,</strong></span> <span class='ocrx_word' id='word_1_382' title='bbox 908 3765 938 3815; x_wconf 91' lang='lat' dir='ltr'><strong>ut</strong></span> <span class='ocrx_word' id='word_1_383' title='bbox 956 3763 1002 3829; x_wconf 87' lang='lat' dir='ltr'><strong>qui</strong></span> <span class='ocrx_word' id='word_1_384' title='bbox 1018 3761 1121 3828; x_wconf 91' lang='lat' dir='ltr'><strong>plebem</strong></span> <span class='ocrx_word' id='word_1_385' title='bbox 1139 3762 1214 3814; x_wconf 88' lang='lat' dir='ltr'><strong>Rom.</strong></span> <span class='ocrx_word' id='word_1_386' title='bbox 1232 3762 1354 3817; x_wconf 80' lang='lat' dir='ltr'><strong>tribunos</strong></span> <span class='ocrx_word' id='word_1_387' title='bbox 1374 3781 1412 3819; x_wconf 90' lang='lat' dir='ltr'><strong>ro·</strong></span> 
     </span>
     <span class='ocr_line' id='line_1_46' title="bbox 493 3831 1242 3900; baseline 0 -16"><span class='ocrx_word' id='word_1_388' title='bbox 493 3835 575 3900; x_wconf 83' lang='lat' dir='ltr'><strong>garet,</strong></span> <span class='ocrx_word' id='word_1_389' title='bbox 593 3846 625 3885; x_wconf 91' lang='lat' dir='ltr'><strong>eo</strong></span> <span class='ocrx_word' id='word_1_390' title='bbox 643 3846 732 3899; x_wconf 86' lang='lat' dir='ltr'><strong>usque</strong></span> <span class='ocrx_word' id='word_1_391' title='bbox 743 3836 856 3900; x_wconf 78' lang='lat' dir='ltr'><strong>rogaret,</strong></span> <span class='ocrx_word' id='word_1_392' title='bbox 874 3833 935 3885; x_wconf 86' lang='lat' dir='ltr'><strong>dum</strong></span> <span class='ocrx_word' id='word_1_393' title='bbox 952 3833 980 3885; x_wconf 88' lang='lat' dir='ltr'>X</span> <span class='ocrx_word' id='word_1_394' title='bbox 998 3833 1117 3885; x_wconf 85' lang='lat' dir='ltr'><strong>tribunos</strong></span> <span class='ocrx_word' id='word_1_395' title='bbox 1135 3831 1242 3885; x_wconf 84' lang='lat' dir='ltr'><strong>facerat.</strong></span> 
     </span>
    </p>

    <p class='ocr_par' dir='ltr' id='par_1_21' title="bbox 275 3902 1412 4041">
     <span class='ocr_line' id='line_1_47' title="bbox 275 3902 1412 3972; baseline 0.004 -16"><span class='ocrx_word' id='word_1_396' title='bbox 275 3904 327 3956; x_wconf 80' lang='lat'><strong>447</strong></span> <span class='ocrx_word' id='word_1_397' title='bbox 375 3904 427 3958; x_wconf 79' lang='grc'><strong>307</strong></span> <span class='ocrx_word' id='word_1_398' title='bbox 464 3902 524 3956; x_wconf 81' lang='lat' dir='ltr'><strong>Cos.</strong></span> <span class='ocrx_word' id='word_1_399' title='bbox 549 3904 588 3954; x_wconf 89' lang='lat' dir='ltr'><strong><em>M.</em></strong></span> <span class='ocrx_word' id='word_1_400' title='bbox 615 3903 741 3970; x_wconf 75' lang='lat' dir='ltr'><strong>Geqanius</strong></span> <span class='ocrx_word' id='word_1_401' title='bbox 758 3904 914 3967; x_wconf 89' lang='lat' dir='ltr'><strong>Macerinus,</strong></span> <span class='ocrx_word' id='word_1_402' title='bbox 940 3904 967 3955; x_wconf 82' lang='grc'><strong>0.</strong></span> <span class='ocrx_word' id='word_1_403' title='bbox 985 3904 1066 3955; x_wconf 82' lang='lat' dir='ltr'><strong>Iulius</strong></span> <span class='ocrx_word' id='word_1_404' title='bbox 1083 3903 1178 3965; x_wconf 84' lang='lat' dir='ltr'><strong>Iulus.)</strong></span> <span class='ocrx_word' id='word_1_405' title='bbox 1219 3903 1275 3956; x_wconf 82' lang='lat' dir='ltr'><strong>Hoc</strong></span> <span class='ocrx_word' id='word_1_406' title='bbox 1299 3907 1412 3972; x_wconf 82' lang='lat' dir='ltr'><strong>primum</strong></span> 
     </span>
     <span class='ocr_line' id='line_1_48' title="bbox 493 3974 1412 4041; baseline 0.005 -15"><span class='ocrx_word' id='word_1_407' title='bbox 493 3989 560 4026; x_wconf 84' lang='lat' dir='ltr'><strong>anno</strong></span> <span class='ocrx_word' id='word_1_408' title='bbox 584 3985 724 4039; x_wconf 74' lang='lat' dir='ltr'><strong>quoatores</strong></span> <span class='ocrx_word' id='word_1_409' title='bbox 746 3993 763 4024; x_wconf 90' lang='lat' dir='ltr'><strong>a</strong></span> <span class='ocrx_word' id='word_1_410' title='bbox 782 3976 874 4041; x_wconf 82' lang='lat' dir='ltr'><strong>populo</strong></span> <span class='ocrx_word' id='word_1_411' title='bbox 897 3985 1021 4038; x_wconf 70' lang='lat' dir='ltr'><strong>asamar,</strong></span> <span class='ocrx_word' id='word_1_412' title='bbox 1050 3990 1066 4026; x_wconf 91' lang='lat' dir='ltr'><strong>a</strong></span> <span class='ocrx_word' id='word_1_413' title='bbox 1088 3974 1240 4027; x_wconf 91' lang='lat' dir='ltr'><strong>consulibus</strong></span> <span class='ocrx_word' id='word_1_414' title='bbox 1268 3980 1348 4029; x_wconf 87' lang='lat' dir='ltr'><strong>antea</strong></span> <span class='ocrx_word' id='word_1_415' title='bbox 1362 3979 1412 4031; x_wconf 79' lang='lat' dir='ltr'><strong>&#39;de-</strong></span> 
     </span>
    </p>

    <p class='ocr_par' dir='ltr' id='par_1_22' title="bbox 274 4042 1495 4324">
     <span class='ocr_line' id='line_1_49' title="bbox 274 4042 1411 4182; baseline -0.001 -14"><span class='ocrx_word' id='word_1_416' title='bbox 274 4114 327 4168; x_wconf 76' lang='lat' dir='ltr'><strong>uo</strong></span> <span class='ocrx_word' id='word_1_417' title='bbox 375 4114 427 4168; x_wconf 82' lang='lat' dir='ltr'><strong>sos</strong></span> <span class='ocrx_word' id='word_1_418' title='bbox 464 4042 725 4174; x_wconf 48' lang='lat' dir='ltr'><strong>ciliibllilli</strong></span> <span class='ocrx_word' id='word_1_419' title='bbox 740 4043 1058 4182; x_wconf 52' lang='grc' dir='ltr'><strong>0001Ιῖ3000,</strong></span> <span class='ocrx_word' id='word_1_420' title='bbox 1076 4115 1192 4182; x_wconf 55' lang='lat' dir='ltr'><strong>Apsus</strong></span> <span class='ocrx_word' id='word_1_421' title='bbox 1205 4116 1411 4180; x_wconf 61' lang='lat' dir='ltr'><strong>rausum.)</strong></span> 
     </span>
     <span class='ocr_line' id='line_1_50' title="bbox 492 4184 1411 4255; baseline 0.004 -18"><span class='ocrx_word' id='word_1_422' title='bbox 492 4186 578 4238; x_wconf 85' lang='lat' dir='ltr'><strong>Etiam</strong></span> <span class='ocrx_word' id='word_1_423' title='bbox 599 4184 696 4254; x_wconf 85' lang='lat' dir='ltr'><strong>Aequi,</strong></span> <span class='ocrx_word' id='word_1_424' title='bbox 720 4202 811 4255; x_wconf 78' lang='lat' dir='ltr'><strong>agrum</strong></span> <span class='ocrx_word' id='word_1_425' title='bbox 828 4186 950 4239; x_wconf 89' lang='lat' dir='ltr'><strong>Latinum</strong></span> <span class='ocrx_word' id='word_1_426' title='bbox 973 4189 1002 4238; x_wconf 88' lang='lat' dir='ltr'><strong>ot</strong></span> <span class='ocrx_word' id='word_1_427' title='bbox 1023 4186 1168 4238; x_wconf 84' lang='lat' dir='ltr'><strong>Romanum</strong></span> <span class='ocrx_word' id='word_1_428' title='bbox 1191 4186 1357 4254; x_wconf 88' lang='lat' dir='ltr'><strong>depopulati,</strong></span> <span class='ocrx_word' id='word_1_429' title='bbox 1379 4189 1411 4241; x_wconf 94' lang='lat' dir='ltr'><strong>ad</strong></span> 
     </span>
     <span class='ocr_line' id='line_1_51' title="bbox 492 4255 1495 4324; baseline 0 -15"><span class='ocrx_word' id='word_1_430' title='bbox 492 4255 648 4309; x_wconf 88' lang='lat' dir='ltr'><strong>Corbionem</strong></span> <span class='ocrx_word' id='word_1_431' title='bbox 665 4258 813 4321; x_wconf 69' lang='lat' dir='ltr'><strong>ducuntur,</strong></span> <span class='ocrx_word' id='word_1_432' title='bbox 831 4260 861 4309; x_wconf 89' lang='lat' dir='ltr'><strong>ut</strong></span> <span class='ocrx_word' id='word_1_433' title='bbox 878 4257 923 4309; x_wconf 90' lang='lat' dir='ltr'><strong>diu</strong></span> <span class='ocrx_word' id='word_1_434' title='bbox 941 4257 1085 4324; x_wconf 85' lang='lat' dir='ltr'><strong>quiescent.</strong></span> <span class='ocrx_word' id='word_1_435' title='bbox 1494 4314 1495 4319; x_wconf 47' lang='lat'><strong><em>.</em></strong></span> 
     </span>
    </p>

    <p class='ocr_par' dir='ltr' id='par_1_23' title="bbox 274 4322 1495 4609">
     <span class='ocr_line' id='line_1_52' title="bbox 274 4322 1495 4395; baseline 0.003 -16"><span class='ocrx_word' id='word_1_436' title='bbox 274 4325 327 4380; x_wconf 82' lang='grc'><strong>445</strong></span> <span class='ocrx_word' id='word_1_437' title='bbox 374 4326 426 4381; x_wconf 84' lang='grc'><strong>309</strong></span> <span class='ocrx_word' id='word_1_438' title='bbox 463 4326 524 4380; x_wconf 74' lang='lat' dir='ltr'><strong>(los.</strong></span> <span class='ocrx_word' id='word_1_439' title='bbox 542 4326 582 4378; x_wconf 85' lang='lat' dir='ltr'><strong><em>M.</em></strong></span> <span class='ocrx_word' id='word_1_440' title='bbox 604 4327 726 4379; x_wconf 71' lang='lat' dir='ltr'><strong>Genucius</strong></span> <span class='ocrx_word' id='word_1_441' title='bbox 742 4328 898 4395; x_wconf 77' lang='lat' dir='ltr'><strong>Aupurinus,</strong></span> <span class='ocrx_word' id='word_1_442' title='bbox 924 4328 951 4380; x_wconf 80' lang='lat'><strong><em>0.</em></strong></span> <span class='ocrx_word' id='word_1_443' title='bbox 973 4329 1071 4380; x_wconf 79' lang='lat' dir='ltr'><strong>Curtius</strong></span> <span class='ocrx_word' id='word_1_444' title='bbox 1088 4326 1187 4388; x_wconf 87' lang='lat' dir='ltr'><strong>Plila.)</strong></span> <span class='ocrx_word' id='word_1_445' title='bbox 1231 4327 1258 4380; x_wconf 80' lang='lat'><strong><em>0.</em></strong></span> <span class='ocrx_word' id='word_1_446' title='bbox 1281 4329 1410 4383; x_wconf 80' lang='lat' dir='ltr'><strong>Canuleius</strong></span> <span class='ocrx_word' id='word_1_447' title='bbox 1493 4322 1495 4345; x_wconf 60' lang='lat'><strong>¹</strong></span> 
     </span>
     <span class='ocr_line' id='line_1_53' title="bbox 490 4398 1410 4470; baseline 0.004 -20"><span class='ocrx_word' id='word_1_448' title='bbox 490 4398 640 4466; x_wconf 75' lang='lat' dir='ltr'><strong>rogationes</strong></span> <span class='ocrx_word' id='word_1_449' title='bbox 660 4398 713 4451; x_wconf 78' lang='lat' dir='ltr'><strong>tert</strong></span> <span class='ocrx_word' id='word_1_450' title='bbox 735 4399 767 4451; x_wconf 92' lang='lat' dir='ltr'><strong>de</strong></span> <span class='ocrx_word' id='word_1_451' title='bbox 790 4402 905 4451; x_wconf 80' lang='lat' dir='ltr'><strong>connubio</strong></span> <span class='ocrx_word' id='word_1_452' title='bbox 925 4410 1024 4466; x_wconf 82' lang='lat' dir='ltr'><strong>patrum</strong></span> <span class='ocrx_word' id='word_1_453' title='bbox 1051 4409 1075 4450; x_wconf 80' lang='lat' dir='ltr'><strong>er</strong></span> <span class='ocrx_word' id='word_1_454' title='bbox 1093 4399 1187 4465; x_wconf 69' lang='lat' dir='ltr'><strong>plebis,</strong></span> <span class='ocrx_word' id='word_1_455' title='bbox 1215 4401 1242 4450; x_wconf 90' lang='lat' dir='ltr'><strong>et</strong></span> <span class='ocrx_word' id='word_1_456' title='bbox 1264 4402 1295 4452; x_wconf 92' lang='lat' dir='ltr'><strong>ut</strong></span> <span class='ocrx_word' id='word_1_457' title='bbox 1316 4402 1410 4470; x_wconf 92' lang='lat' dir='ltr'><strong>populo</strong></span> 
     </span>
     <span class='ocr_line' id='line_1_54' title="bbox 492 4469 1409 4538; baseline 0.004 -17"><span class='ocrx_word' id='word_1_458' title='bbox 492 4472 609 4537; x_wconf 81' lang='lat' dir='ltr'><strong>potestas</strong></span> <span class='ocrx_word' id='word_1_459' title='bbox 628 4470 671 4533; x_wconf 89' lang='lat' dir='ltr'><strong>sit,</strong></span> <span class='ocrx_word' id='word_1_460' title='bbox 689 4470 744 4522; x_wconf 85' lang='lat' dir='ltr'><strong>sire</strong></span> <span class='ocrx_word' id='word_1_461' title='bbox 763 4469 795 4522; x_wconf 96' lang='lat' dir='ltr'><strong>de</strong></span> <span class='ocrx_word' id='word_1_462' title='bbox 813 4470 902 4537; x_wconf 87' lang='lat' dir='ltr'><strong>plebe,</strong></span> <span class='ocrx_word' id='word_1_463' title='bbox 927 4471 982 4522; x_wconf 85' lang='lat' dir='ltr'><strong>sire</strong></span> <span class='ocrx_word' id='word_1_464' title='bbox 1000 4469 1032 4522; x_wconf 89' lang='lat' dir='ltr'><strong>de</strong></span> <span class='ocrx_word' id='word_1_465' title='bbox 1050 4469 1168 4538; x_wconf 85' lang='lat' dir='ltr'><strong>patribus</strong></span> <span class='ocrx_word' id='word_1_466' title='bbox 1187 4469 1263 4534; x_wconf 84' lang='lat' dir='ltr'><strong>volit,</strong></span> <span class='ocrx_word' id='word_1_467' title='bbox 1289 4473 1409 4525; x_wconf 84' lang='lat' dir='ltr'><strong>consules</strong></span> 
     </span>
     <span class='ocr_line' id='line_1_55' title="bbox 491 4539 1409 4609; baseline 0.007 -18"><span class='ocrx_word' id='word_1_468' title='bbox 491 4539 613 4592; x_wconf 73' lang='lat' dir='ltr'><strong>molendi</strong></span> <span class='ocrx_word' id='word_1_469' title='bbox 642 4539 719 4592; x_wconf 89' lang='lat' dir='ltr'><strong>Prior</strong></span> <span class='ocrx_word' id='word_1_470' title='bbox 734 4541 780 4593; x_wconf 87' lang='lat' dir='ltr'><strong>lex</strong></span> <span class='ocrx_word' id='word_1_471' title='bbox 796 4540 888 4593; x_wconf 89' lang='lat' dir='ltr'><strong>eodem</strong></span> <span class='ocrx_word' id='word_1_472' title='bbox 905 4555 973 4593; x_wconf 90' lang='lat' dir='ltr'><strong>anno</strong></span> <span class='ocrx_word' id='word_1_473' title='bbox 991 4539 1128 4609; x_wconf 83' lang='lat' dir='ltr'><strong>perfertur,</strong></span> <span class='ocrx_word' id='word_1_474' title='bbox 1147 4540 1194 4593; x_wconf 90' lang='lat' dir='ltr'><strong>aed</strong></span> <span class='ocrx_word' id='word_1_475' title='bbox 1212 4556 1246 4593; x_wconf 89' lang='lat' dir='ltr'><strong>ue</strong></span> <span class='ocrx_word' id='word_1_476' title='bbox 1259 4543 1409 4596; x_wconf 85' lang='lat' dir='ltr'><strong>consulatus</strong></span> 
     </span>
    </p>
   </div>
   <div class='ocr_carea' id='block_1_8' title="bbox 0 0 1517 5062">
    <p class='ocr_par' dir='ltr' id='par_1_24' title="bbox 0 0 1517 5062">
     <span class='ocr_line' id='line_1_56' title="bbox 0 0 1517 5062; baseline 0 0"><span class='ocrx_word' id='word_1_477' title='bbox 0 0 1517 5062; x_wconf 95' lang='lat' dir='ltr'><strong> </strong></span> 
     </span>
    </p>
   </div>
  </div>
 </body>
</html>
