<?xml version="1.0" encoding="UTF-8"?>
<!DOCTYPE html PUBLIC "-//W3C//DTD XHTML 1.0 Transitional//EN"
    "http://www.w3.org/TR/xhtml1/DTD/xhtml1-transitional.dtd">
<html xmlns="http://www.w3.org/1999/xhtml" xml:lang="en" lang="en">
 <head>
  <title>
</title>
<meta http-equiv="Content-Type" content="text/html;charset=utf-8" />
  <meta name='ocr-system' content='tesseract 3.04.00' />
  <meta name='ocr-capabilities' content='ocr_page ocr_carea ocr_par ocr_line ocrx_word'/>
</head>
<body>
  <div class='ocr_page' id='page_1' title='image "annalesveterumr01zumpgoog_0016.png"; bbox 0 0 3062 5064; ppageno 0'>
   <div class='ocr_carea' id='block_1_1' title="bbox 613 464 1307 518">
    <p class='ocr_par' dir='ltr' id='par_1_1' title="bbox 613 464 1307 518">
     <span class='ocr_line' id='line_1_1' title="bbox 613 464 1307 518; baseline 0.013 -9"><span class='ocrx_word' id='word_1_1' title='bbox 613 464 728 511; x_wconf 73' lang='lat' dir='ltr'><strong>historiae</strong></span> <span class='ocrx_word' id='word_1_2' title='bbox 746 465 843 511; x_wconf 83' lang='lat' dir='ltr'>veteris.</span> <span class='ocrx_word' id='word_1_3' title='bbox 1272 476 1307 518; x_wconf 77' lang='lat' dir='ltr'>xl</span> 
     </span>
    </p>
   </div>
   <div class='ocr_carea' id='block_1_2' title="bbox 147 636 1306 1136">
    <p class='ocr_par' dir='ltr' id='par_1_2' title="bbox 147 636 1306 1136">
     <span class='ocr_line' id='line_1_2' title="bbox 148 636 1306 710; baseline 0.003 -19"><span class='ocrx_word' id='word_1_4' title='bbox 148 637 278 691; x_wconf 67' lang='lat' dir='ltr'>munnam</span> <span class='ocrx_word' id='word_1_5' title='bbox 297 637 375 701; x_wconf 82' lang='lat' dir='ltr'>vitae,</span> <span class='ocrx_word' id='word_1_6' title='bbox 394 637 512 704; x_wconf 81' lang='lat' dir='ltr'>quamuis</span> <span class='ocrx_word' id='word_1_7' title='bbox 530 636 558 689; x_wconf 94' lang='lat' dir='ltr'>id</span> <span class='ocrx_word' id='word_1_8' title='bbox 576 639 632 706; x_wconf 91' lang='lat' dir='ltr'>ipse</span> <span class='ocrx_word' id='word_1_9' title='bbox 651 654 704 692; x_wconf 91' lang='lat' dir='ltr'>non</span> <span class='ocrx_word' id='word_1_10' title='bbox 722 639 894 708; x_wconf 89' lang='lat' dir='ltr'>profiteretur,</span> <span class='ocrx_word' id='word_1_11' title='bbox 913 640 981 693; x_wconf 91' lang='lat' dir='ltr'>ultro</span> <span class='ocrx_word' id='word_1_12' title='bbox 993 642 1139 694; x_wconf 73' lang='lat' dir='ltr'>transtulit:</span> <span class='ocrx_word' id='word_1_13' title='bbox 1157 657 1242 710; x_wconf 86' lang='lat' dir='ltr'>neque</span> <span class='ocrx_word' id='word_1_14' title='bbox 1256 656 1306 694; x_wconf 92' lang='lat' dir='ltr'>non</span> 
     </span>
     <span class='ocr_line' id='line_1_3' title="bbox 147 722 1306 795; baseline 0.004 -20"><span class='ocrx_word' id='word_1_15' title='bbox 147 724 234 791; x_wconf 89' lang='lat' dir='ltr'>potuit</span> <span class='ocrx_word' id='word_1_16' title='bbox 247 723 314 775; x_wconf 90' lang='lat' dir='ltr'>clam</span> <span class='ocrx_word' id='word_1_17' title='bbox 329 724 362 777; x_wconf 91' lang='lat' dir='ltr'>iis</span> <span class='ocrx_word' id='word_1_18' title='bbox 375 724 494 791; x_wconf 87' lang='lat' dir='ltr'>partibus</span> <span class='ocrx_word' id='word_1_19' title='bbox 507 722 603 788; x_wconf 83' lang='lat' dir='ltr'>farere,</span> <span class='ocrx_word' id='word_1_20' title='bbox 623 726 667 777; x_wconf 93' lang='lat' dir='ltr'>ubi</span> <span class='ocrx_word' id='word_1_21' title='bbox 680 726 815 791; x_wconf 90' lang='lat' dir='ltr'>iustitiam,</span> <span class='ocrx_word' id='word_1_22' title='bbox 833 727 1041 795; x_wconf 87' lang='lat' dir='ltr'>temperantiam,</span> <span class='ocrx_word' id='word_1_23' title='bbox 1060 727 1222 792; x_wconf 89' lang='lat' dir='ltr'>modestiam,</span> <span class='ocrx_word' id='word_1_24' title='bbox 1241 742 1306 795; x_wconf 86' lang='lat' dir='ltr'>quas</span> 
     </span>
     <span class='ocr_line' id='line_1_4' title="bbox 147 810 1306 881; baseline 0.004 -20"><span class='ocrx_word' id='word_1_25' title='bbox 147 810 205 878; x_wconf 90' lang='lat' dir='ltr'>ipse</span> <span class='ocrx_word' id='word_1_26' title='bbox 224 810 338 863; x_wconf 84' lang='lat' dir='ltr'>maxime</span> <span class='ocrx_word' id='word_1_27' title='bbox 357 811 467 865; x_wconf 85' lang='lat' dir='ltr'>virtutes</span> <span class='ocrx_word' id='word_1_28' title='bbox 490 810 622 877; x_wconf 85' lang='lat' dir='ltr'>probavit,</span> <span class='ocrx_word' id='word_1_29' title='bbox 646 812 698 865; x_wconf 88' lang='lat' dir='ltr'>coli</span> <span class='ocrx_word' id='word_1_30' title='bbox 715 813 822 865; x_wconf 82' lang='lat' dir='ltr'>rideret.</span> <span class='ocrx_word' id='word_1_31' title='bbox 864 813 955 881; x_wconf 88' lang='lat' dir='ltr'>ltaque</span> <span class='ocrx_word' id='word_1_32' title='bbox 973 829 1031 866; x_wconf 81' lang='lat' dir='ltr'>curm</span> <span class='ocrx_word' id='word_1_33' title='bbox 1050 816 1190 877; x_wconf 79' lang='lat' dir='ltr'>Diodorus,</span> <span class='ocrx_word' id='word_1_34' title='bbox 1212 813 1239 866; x_wconf 89' lang='lat' dir='ltr'>iu</span> <span class='ocrx_word' id='word_1_35' title='bbox 1257 813 1306 867; x_wconf 90' lang='lat' dir='ltr'>hac</span> 
     </span>
     <span class='ocr_line' id='line_1_5' title="bbox 147 895 1306 968; baseline 0.002 -19"><span class='ocrx_word' id='word_1_36' title='bbox 147 896 276 950; x_wconf 75' lang='lat' dir='ltr'>historiae</span> <span class='ocrx_word' id='word_1_37' title='bbox 295 900 369 965; x_wconf 86' lang='lat' dir='ltr'>parte</span> <span class='ocrx_word' id='word_1_38' title='bbox 388 896 447 958; x_wconf 89' lang='lat' dir='ltr'>(lib.</span> <span class='ocrx_word' id='word_1_39' title='bbox 463 895 504 948; x_wconf 84' lang='lat'>13.</span> <span class='ocrx_word' id='word_1_40' title='bbox 525 896 566 948; x_wconf 83' lang='grc'>14.</span> <span class='ocrx_word' id='word_1_41' title='bbox 587 896 634 958; x_wconf 84' lang='grc'>15)</span> <span class='ocrx_word' id='word_1_42' title='bbox 654 897 719 950; x_wconf 89' lang='lat' dir='ltr'>alies</span> <span class='ocrx_word' id='word_1_43' title='bbox 737 901 866 962; x_wconf 73' lang='lat' dir='ltr'>auctores,</span> <span class='ocrx_word' id='word_1_44' title='bbox 885 900 1022 968; x_wconf 87' lang='lat' dir='ltr'>imprimis,</span> <span class='ocrx_word' id='word_1_45' title='bbox 1045 902 1076 952; x_wconf 91' lang='lat' dir='ltr'>ut</span> <span class='ocrx_word' id='word_1_46' title='bbox 1092 900 1202 963; x_wconf 71' lang='lat' dir='ltr'>udatur,</span> <span class='ocrx_word' id='word_1_47' title='bbox 1221 899 1306 967; x_wconf 81' lang='lat' dir='ltr'>Epho-</span> 
     </span>
     <span class='ocr_line' id='line_1_6' title="bbox 147 983 1306 1054; baseline 0.002 -19"><span class='ocrx_word' id='word_1_48' title='bbox 147 999 204 1035; x_wconf 88' lang='lat' dir='ltr'>rum</span> <span class='ocrx_word' id='word_1_49' title='bbox 223 986 340 1048; x_wconf 90' lang='lat' dir='ltr'>secutus,</span> <span class='ocrx_word' id='word_1_50' title='bbox 365 997 550 1050; x_wconf 89' lang='lat' dir='ltr'>nunnunquam</span> <span class='ocrx_word' id='word_1_51' title='bbox 569 984 601 1036; x_wconf 91' lang='lat' dir='ltr'>ah</span> <span class='ocrx_word' id='word_1_52' title='bbox 621 998 652 1036; x_wconf 89' lang='lat' dir='ltr'>ec</span> <span class='ocrx_word' id='word_1_53' title='bbox 671 983 818 1050; x_wconf 82' lang='lat' dir='ltr'>dissentiat,</span> <span class='ocrx_word' id='word_1_54' title='bbox 841 985 910 1054; x_wconf 90' lang='lat' dir='ltr'>apud</span> <span class='ocrx_word' id='word_1_55' title='bbox 928 985 1066 1039; x_wconf 90' lang='lat' dir='ltr'>nonnullos</span> <span class='ocrx_word' id='word_1_56' title='bbox 1084 986 1111 1038; x_wconf 90' lang='lat' dir='ltr'>in</span> <span class='ocrx_word' id='word_1_57' title='bbox 1130 985 1306 1052; x_wconf 79' lang='lat' dir='ltr'>suspicionem</span> 
     </span>
     <span class='ocr_line' id='line_1_7' title="bbox 148 1068 1306 1136; baseline 0.002 -14"><span class='ocrx_word' id='word_1_58' title='bbox 148 1068 260 1123; x_wconf 86' lang='lat' dir='ltr'>violatae</span> <span class='ocrx_word' id='word_1_59' title='bbox 278 1069 396 1122; x_wconf 86' lang='lat' dir='ltr'>ueritatis</span> <span class='ocrx_word' id='word_1_60' title='bbox 414 1069 494 1134; x_wconf 83' lang='lat' dir='ltr'>veuit,</span> <span class='ocrx_word' id='word_1_61' title='bbox 518 1083 584 1135; x_wconf 86' lang='lat' dir='ltr'>quac</span> <span class='ocrx_word' id='word_1_62' title='bbox 602 1071 735 1123; x_wconf 87' lang='lat' dir='ltr'>accusatio</span> <span class='ocrx_word' id='word_1_63' title='bbox 754 1075 825 1124; x_wconf 87' lang='lat' dir='ltr'>certe</span> <span class='ocrx_word' id='word_1_64' title='bbox 842 1087 895 1124; x_wconf 89' lang='lat' dir='ltr'>non</span> <span class='ocrx_word' id='word_1_65' title='bbox 921 1087 952 1124; x_wconf 92' lang='lat' dir='ltr'>ee</span> <span class='ocrx_word' id='word_1_66' title='bbox 971 1072 1057 1125; x_wconf 85' lang='lat' dir='ltr'>valere</span> <span class='ocrx_word' id='word_1_67' title='bbox 1075 1071 1160 1136; x_wconf 88' lang='lat' dir='ltr'>debet,</span> <span class='ocrx_word' id='word_1_68' title='bbox 1183 1075 1213 1124; x_wconf 91' lang='lat' dir='ltr'>ut</span> <span class='ocrx_word' id='word_1_69' title='bbox 1229 1070 1306 1125; x_wconf 88' lang='lat' dir='ltr'>fidem</span> 
     </span>
    </p>
   </div>
   <div class='ocr_carea' id='block_1_3' title="bbox 147 1155 1306 1486">
    <p class='ocr_par' dir='ltr' id='par_1_3' title="bbox 147 1155 1306 1486">
     <span class='ocr_line' id='line_1_8' title="bbox 147 1155 1306 1224; baseline 0.003 -16"><span class='ocrx_word' id='word_1_70' title='bbox 147 1155 179 1209; x_wconf 90' lang='lat' dir='ltr'>ab</span> <span class='ocrx_word' id='word_1_71' title='bbox 198 1156 387 1209; x_wconf 83' lang='lat' dir='ltr'>candidissime</span> <span class='ocrx_word' id='word_1_72' title='bbox 407 1155 535 1224; x_wconf 87' lang='lat' dir='ltr'>scriptore</span> <span class='ocrx_word' id='word_1_73' title='bbox 554 1155 742 1221; x_wconf 88' lang='lat' dir='ltr'>abiudicsmus,</span> <span class='ocrx_word' id='word_1_74' title='bbox 761 1157 809 1210; x_wconf 90' lang='lat' dir='ltr'>sed</span> <span class='ocrx_word' id='word_1_75' title='bbox 827 1158 975 1210; x_wconf 75' lang='lat' dir='ltr'>accuratius</span> <span class='ocrx_word' id='word_1_76' title='bbox 987 1158 1015 1211; x_wconf 91' lang='lat' dir='ltr'>in</span> <span class='ocrx_word' id='word_1_77' title='bbox 1028 1173 1121 1211; x_wconf 89' lang='lat' dir='ltr'>causas</span> <span class='ocrx_word' id='word_1_78' title='bbox 1133 1158 1306 1212; x_wconf 85' lang='lat' dir='ltr'>dissensionis</span> 
     </span>
     <span class='ocr_line' id='line_1_9' title="bbox 147 1241 1306 1312; baseline 0.003 -18"><span class='ocrx_word' id='word_1_79' title='bbox 147 1242 324 1310; x_wconf 87' lang='lat' dir='ltr'>inquiramus:</span> <span class='ocrx_word' id='word_1_80' title='bbox 347 1243 461 1310; x_wconf 88' lang='lat' dir='ltr'>alioquin</span> <span class='ocrx_word' id='word_1_81' title='bbox 485 1243 543 1310; x_wconf 90' lang='lat' dir='ltr'>ipse</span> <span class='ocrx_word' id='word_1_82' title='bbox 561 1241 742 1310; x_wconf 82' lang='lat' dir='ltr'>Thucydides,</span> <span class='ocrx_word' id='word_1_83' title='bbox 766 1244 837 1312; x_wconf 88' lang='lat' dir='ltr'>quod</span> <span class='ocrx_word' id='word_1_84' title='bbox 859 1258 935 1297; x_wconf 89' lang='lat' dir='ltr'>nemo</span> <span class='ocrx_word' id='word_1_85' title='bbox 957 1244 1050 1310; x_wconf 87' lang='lat' dir='ltr'>faciet,</span> <span class='ocrx_word' id='word_1_86' title='bbox 1073 1244 1234 1297; x_wconf 89' lang='lat' dir='ltr'>damnandus</span> <span class='ocrx_word' id='word_1_87' title='bbox 1257 1247 1306 1309; x_wconf 90' lang='lat' dir='ltr'>est,</span> 
     </span>
     <span class='ocr_line' id='line_1_10' title="bbox 148 1328 1306 1400; baseline 0.004 -20"><span class='ocrx_word' id='word_1_88' title='bbox 148 1330 222 1381; x_wconf 92' lang='lat' dir='ltr'>cuius</span> <span class='ocrx_word' id='word_1_89' title='bbox 241 1328 311 1382; x_wconf 91' lang='lat' dir='ltr'>idem</span> <span class='ocrx_word' id='word_1_90' title='bbox 328 1329 373 1382; x_wconf 89' lang='lat' dir='ltr'>ills</span> <span class='ocrx_word' id='word_1_91' title='bbox 385 1328 515 1382; x_wconf 88' lang='lat' dir='ltr'>Diodorus</span> <span class='ocrx_word' id='word_1_92' title='bbox 534 1343 612 1396; x_wconf 89' lang='lat' dir='ltr'>saepe</span> <span class='ocrx_word' id='word_1_93' title='bbox 632 1330 813 1385; x_wconf 85' lang='lat' dir='ltr'>auctoritatem</span> <span class='ocrx_word' id='word_1_94' title='bbox 831 1330 942 1384; x_wconf 87' lang='lat' dir='ltr'>deserat.</span> <span class='ocrx_word' id='word_1_95' title='bbox 973 1330 1111 1398; x_wconf 74' lang='lat' dir='ltr'>Xenophon</span> <span class='ocrx_word' id='word_1_96' title='bbox 1127 1332 1208 1400; x_wconf 87' lang='lat' dir='ltr'>igitur</span> <span class='ocrx_word' id='word_1_97' title='bbox 1225 1332 1306 1385; x_wconf 90' lang='lat' dir='ltr'>histo-</span> 
     </span>
     <span class='ocr_line' id='line_1_11' title="bbox 147 1413 1306 1486; baseline 0.003 -19"><span class='ocrx_word' id='word_1_98' title='bbox 147 1415 212 1468; x_wconf 90' lang='lat' dir='ltr'>riam</span> <span class='ocrx_word' id='word_1_99' title='bbox 232 1414 393 1469; x_wconf 87' lang='lat' dir='ltr'>Graecorum</span> <span class='ocrx_word' id='word_1_100' title='bbox 412 1415 523 1484; x_wconf 88' lang='lat' dir='ltr'>(septem</span> <span class='ocrx_word' id='word_1_101' title='bbox 542 1413 627 1479; x_wconf 75' lang='lat' dir='ltr'>lihms)</span> <span class='ocrx_word' id='word_1_102' title='bbox 644 1431 692 1484; x_wconf 92' lang='lat' dir='ltr'>per</span> <span class='ocrx_word' id='word_1_103' title='bbox 709 1416 744 1469; x_wconf 85' lang='grc'>48</span> <span class='ocrx_word' id='word_1_104' title='bbox 762 1431 844 1470; x_wconf 87' lang='lat' dir='ltr'>anuos</span> <span class='ocrx_word' id='word_1_105' title='bbox 863 1431 946 1483; x_wconf 91' lang='lat' dir='ltr'>usque</span> <span class='ocrx_word' id='word_1_106' title='bbox 965 1416 999 1469; x_wconf 92' lang='lat' dir='ltr'>ad</span> <span class='ocrx_word' id='word_1_107' title='bbox 1016 1432 1130 1486; x_wconf 88' lang='lat' dir='ltr'>pugnam</span> <span class='ocrx_word' id='word_1_108' title='bbox 1147 1419 1306 1471; x_wconf 76' lang='lat' dir='ltr'>Mantineen·</span> 
     </span>
    </p>
   </div>
   <div class='ocr_carea' id='block_1_4' title="bbox 145 1501 1368 3823">
    <p class='ocr_par' dir='ltr' id='par_1_4' title="bbox 145 1501 1307 2697">
     <span class='ocr_line' id='line_1_12' title="bbox 149 1501 1306 1571; baseline 0.003 -17"><span class='ocrx_word' id='word_1_109' title='bbox 149 1516 204 1554; x_wconf 90' lang='lat' dir='ltr'>sem</span> <span class='ocrx_word' id='word_1_110' title='bbox 224 1502 265 1554; x_wconf 87' lang='lat' dir='ltr'>Ol.</span> <span class='ocrx_word' id='word_1_111' title='bbox 285 1502 346 1567; x_wconf 86' lang='lat'>104,</span> <span class='ocrx_word' id='word_1_112' title='bbox 365 1502 391 1567; x_wconf 79' lang='lat'>2,</span> <span class='ocrx_word' id='word_1_113' title='bbox 410 1505 470 1555; x_wconf 91' lang='lat' dir='ltr'>ants</span> <span class='ocrx_word' id='word_1_114' title='bbox 489 1501 549 1555; x_wconf 76' lang='lat' dir='ltr'>(ihr.</span> <span class='ocrx_word' id='word_1_115' title='bbox 568 1501 630 1566; x_wconf 75' lang='lat'>362,</span> <span class='ocrx_word' id='word_1_116' title='bbox 649 1502 765 1567; x_wconf 79' lang='lat' dir='ltr'>deduxit,</span> <span class='ocrx_word' id='word_1_117' title='bbox 789 1518 873 1571; x_wconf 89' lang='lat' dir='ltr'>eoque</span> <span class='ocrx_word' id='word_1_118' title='bbox 890 1503 974 1555; x_wconf 91' lang='lat' dir='ltr'>maius</span> <span class='ocrx_word' id='word_1_119' title='bbox 994 1504 1036 1556; x_wconf 86' lang='lat' dir='ltr'>sui</span> <span class='ocrx_word' id='word_1_120' title='bbox 1054 1503 1212 1558; x_wconf 88' lang='lat' dir='ltr'>desiderium</span> <span class='ocrx_word' id='word_1_121' title='bbox 1228 1506 1306 1558; x_wconf 90' lang='lat' dir='ltr'>relin-</span> 
     </span>
     <span class='ocr_line' id='line_1_13' title="bbox 148 1588 1306 1657; baseline 0.003 -16"><span class='ocrx_word' id='word_1_122' title='bbox 148 1588 215 1655; x_wconf 90' lang='lat' dir='ltr'>quit,</span> <span class='ocrx_word' id='word_1_123' title='bbox 240 1588 310 1655; x_wconf 91' lang='lat' dir='ltr'>qued</span> <span class='ocrx_word' id='word_1_124' title='bbox 333 1589 427 1642; x_wconf 89' lang='lat' dir='ltr'>deinde</span> <span class='ocrx_word' id='word_1_125' title='bbox 446 1589 607 1648; x_wconf 82' lang='lat' dir='ltr'>auctoritate</span> <span class='ocrx_word' id='word_1_126' title='bbox 630 1590 800 1657; x_wconf 88' lang='lat' dir='ltr'>scriptorum,</span> <span class='ocrx_word' id='word_1_127' title='bbox 825 1605 858 1642; x_wconf 87' lang='lat' dir='ltr'>aa</span> <span class='ocrx_word' id='word_1_128' title='bbox 879 1605 946 1657; x_wconf 90' lang='lat' dir='ltr'>quae</span> <span class='ocrx_word' id='word_1_129' title='bbox 964 1589 1016 1657; x_wconf 90' lang='lat' dir='ltr'>ipsi</span> <span class='ocrx_word' id='word_1_130' title='bbox 1034 1589 1147 1644; x_wconf 79' lang='lat' dir='ltr'>viderint</span> <span class='ocrx_word' id='word_1_131' title='bbox 1167 1592 1306 1645; x_wconf 89' lang='lat' dir='ltr'>memoriae</span> 
     </span>
     <span class='ocr_line' id='line_1_14' title="bbox 148 1674 1306 1744; baseline 0.004 -17"><span class='ocrx_word' id='word_1_132' title='bbox 148 1674 323 1743; x_wconf 89' lang='lat' dir='ltr'>prodentium,</span> <span class='ocrx_word' id='word_1_133' title='bbox 341 1690 449 1743; x_wconf 90' lang='lat' dir='ltr'>prorsus</span> <span class='ocrx_word' id='word_1_134' title='bbox 468 1690 594 1728; x_wconf 88' lang='lat' dir='ltr'>caremus.</span> <span class='ocrx_word' id='word_1_135' title='bbox 638 1676 742 1729; x_wconf 88' lang='lat' dir='ltr'>Utinam</span> <span class='ocrx_word' id='word_1_136' title='bbox 765 1677 912 1742; x_wconf 72' lang='lat' dir='ltr'>Theopompi</span> <span class='ocrx_word' id='word_1_137' title='bbox 929 1675 965 1729; x_wconf 80' lang='lat'>58</span> <span class='ocrx_word' id='word_1_138' title='bbox 982 1677 1042 1729; x_wconf 90' lang='lat' dir='ltr'>libri</span> <span class='ocrx_word' id='word_1_139' title='bbox 1060 1677 1217 1744; x_wconf 70' lang='lat' dir='ltr'>Philippices</span> <span class='ocrx_word' id='word_1_140' title='bbox 1234 1683 1306 1732; x_wconf 84' lang='lat' dir='ltr'>exta·</span> 
     </span>
     <span class='ocr_line' id='line_1_15' title="bbox 147 1761 1305 1830; baseline 0.005 -17"><span class='ocrx_word' id='word_1_141' title='bbox 147 1765 218 1826; x_wconf 87' lang='lat' dir='ltr'>rent,</span> <span class='ocrx_word' id='word_1_142' title='bbox 244 1766 341 1829; x_wconf 89' lang='lat' dir='ltr'>quanto</span> <span class='ocrx_word' id='word_1_143' title='bbox 360 1762 507 1815; x_wconf 81' lang='lat' dir='ltr'>accuratius</span> <span class='ocrx_word' id='word_1_144' title='bbox 530 1762 562 1814; x_wconf 89' lang='lat' dir='ltr'>de</span> <span class='ocrx_word' id='word_1_145' title='bbox 581 1761 739 1815; x_wconf 73' lang='lat' dir='ltr'>fraudulenti</span> <span class='ocrx_word' id='word_1_146' title='bbox 754 1762 926 1817; x_wconf 79' lang='lat' dir='ltr'>Macedonum</span> <span class='ocrx_word' id='word_1_147' title='bbox 944 1763 1016 1830; x_wconf 84' lang='lat' dir='ltr'>regis</span> <span class='ocrx_word' id='word_1_148' title='bbox 1039 1763 1158 1817; x_wconf 89' lang='lat' dir='ltr'>consiliis</span> <span class='ocrx_word' id='word_1_149' title='bbox 1181 1768 1208 1818; x_wconf 89' lang='lat' dir='ltr'>et</span> <span class='ocrx_word' id='word_1_150' title='bbox 1224 1767 1305 1820; x_wconf 90' lang='lat' dir='ltr'>irritis</span> 
     </span>
     <span class='ocr_line' id='line_1_16' title="bbox 148 1846 1305 1919; baseline 0.004 -19"><span class='ocrx_word' id='word_1_151' title='bbox 148 1846 309 1901; x_wconf 83' lang='lat' dir='ltr'>Graecorum</span> <span class='ocrx_word' id='word_1_152' title='bbox 326 1848 469 1902; x_wconf 83' lang='lat' dir='ltr'>servandae</span> <span class='ocrx_word' id='word_1_153' title='bbox 487 1849 615 1903; x_wconf 89' lang='lat' dir='ltr'>libertatis</span> <span class='ocrx_word' id='word_1_154' title='bbox 635 1849 773 1902; x_wconf 90' lang='lat' dir='ltr'>conatibus</span> <span class='ocrx_word' id='word_1_155' title='bbox 791 1848 979 1902; x_wconf 75' lang='lat' dir='ltr'>indicaremus!</span> <span class='ocrx_word' id='word_1_156' title='bbox 1009 1848 1062 1902; x_wconf 79' lang='lat' dir='ltr'>Sed</span> <span class='ocrx_word' id='word_1_157' title='bbox 1079 1864 1128 1903; x_wconf 87' lang='lat' dir='ltr'>nes</span> <span class='ocrx_word' id='word_1_158' title='bbox 1146 1852 1305 1919; x_wconf 89' lang='lat' dir='ltr'>quedhuius</span> 
     </span>
     <span class='ocr_line' id='line_1_17' title="bbox 146 1933 1306 2009; baseline 0.006 -23"><span class='ocrx_word' id='word_1_159' title='bbox 146 1933 248 2001; x_wconf 90' lang='lat' dir='ltr'>periodi</span> <span class='ocrx_word' id='word_1_160' title='bbox 265 1934 393 2003; x_wconf 85' lang='lat' dir='ltr'>reliquum</span> <span class='ocrx_word' id='word_1_161' title='bbox 412 1938 461 2000; x_wconf 90' lang='lat' dir='ltr'>est,</span> <span class='ocrx_word' id='word_1_162' title='bbox 480 1952 514 1989; x_wconf 85' lang='lat' dir='ltr'>ex</span> <span class='ocrx_word' id='word_1_163' title='bbox 525 1936 635 1988; x_wconf 82' lang='lat' dir='ltr'>Diodori</span> <span class='ocrx_word' id='word_1_164' title='bbox 652 1935 711 1997; x_wconf 91' lang='lat' dir='ltr'>(lib.</span> <span class='ocrx_word' id='word_1_165' title='bbox 727 1935 775 1997; x_wconf 88' lang='grc'>16)</span> <span class='ocrx_word' id='word_1_166' title='bbox 794 1935 861 1988; x_wconf 92' lang='lat' dir='ltr'>male</span> <span class='ocrx_word' id='word_1_167' title='bbox 874 1935 994 2003; x_wconf 86' lang='lat' dir='ltr'>dispersa</span> <span class='ocrx_word' id='word_1_168' title='bbox 1007 1938 1034 2009; x_wconf 80' lang='lat' dir='ltr'>et</span> <span class='ocrx_word' id='word_1_169' title='bbox 1044 1936 1153 1990; x_wconf 81' lang='lat' dir='ltr'>nimiam</span> <span class='ocrx_word' id='word_1_170' title='bbox 1163 1938 1237 1991; x_wconf 83' lang='lat' dir='ltr'>brevi</span> <span class='ocrx_word' id='word_1_171' title='bbox 1248 1955 1306 1993; x_wconf 90' lang='lat' dir='ltr'>nar-</span> 
     </span>
     <span class='ocr_line' id='line_1_18' title="bbox 146 2021 1306 2091; baseline 0.005 -18"><span class='ocrx_word' id='word_1_172' title='bbox 146 2022 246 2074; x_wconf 88' lang='lat' dir='ltr'>ratione</span> <span class='ocrx_word' id='word_1_173' title='bbox 269 2022 395 2090; x_wconf 88' lang='lat' dir='ltr'>petimus,</span> <span class='ocrx_word' id='word_1_174' title='bbox 419 2023 462 2076; x_wconf 90' lang='lat' dir='ltr'>cui</span> <span class='ocrx_word' id='word_1_175' title='bbox 484 2023 518 2076; x_wconf 90' lang='lat' dir='ltr'>de</span> <span class='ocrx_word' id='word_1_176' title='bbox 536 2022 658 2090; x_wconf 88' lang='lat' dir='ltr'>Philippa</span> <span class='ocrx_word' id='word_1_177' title='bbox 677 2026 809 2091; x_wconf 82' lang='lat' dir='ltr'>tamquam</span> <span class='ocrx_word' id='word_1_178' title='bbox 827 2036 915 2074; x_wconf 83' lang='lat' dir='ltr'>veram</span> <span class='ocrx_word' id='word_1_179' title='bbox 932 2021 1141 2076; x_wconf 88' lang='lat' dir='ltr'>testimoniorum</span> <span class='ocrx_word' id='word_1_180' title='bbox 1158 2023 1236 2078; x_wconf 89' lang='lat' dir='ltr'>fidem</span> <span class='ocrx_word' id='word_1_181' title='bbox 1253 2027 1306 2079; x_wconf 87' lang='lat' dir='ltr'>De-</span> 
     </span>
     <span class='ocr_line' id='line_1_19' title="bbox 146 2108 1305 2176; baseline 0.004 -16"><span class='ocrx_word' id='word_1_182' title='bbox 146 2110 276 2160; x_wconf 78' lang='lat' dir='ltr'>mosthenis</span> <span class='ocrx_word' id='word_1_183' title='bbox 297 2111 325 2161; x_wconf 90' lang='lat' dir='ltr'>et</span> <span class='ocrx_word' id='word_1_184' title='bbox 340 2109 471 2161; x_wconf 81' lang='lat' dir='ltr'>Aeschinis</span> <span class='ocrx_word' id='word_1_185' title='bbox 493 2110 624 2163; x_wconf 84' lang='lat' dir='ltr'>emtiones</span> <span class='ocrx_word' id='word_1_186' title='bbox 648 2110 680 2163; x_wconf 91' lang='lat' dir='ltr'>de</span> <span class='ocrx_word' id='word_1_187' title='bbox 698 2109 765 2161; x_wconf 85' lang='lat' dir='ltr'>falsa</span> <span class='ocrx_word' id='word_1_188' title='bbox 782 2108 914 2176; x_wconf 77' lang='lat' dir='ltr'>legatione</span> <span class='ocrx_word' id='word_1_189' title='bbox 938 2110 964 2160; x_wconf 89' lang='lat' dir='ltr'>et</span> <span class='ocrx_word' id='word_1_190' title='bbox 987 2109 1103 2163; x_wconf 90' lang='lat' dir='ltr'>eiusdem</span> <span class='ocrx_word' id='word_1_191' title='bbox 1122 2110 1305 2165; x_wconf 89' lang='lat' dir='ltr'>Demosthenis</span> 
     </span>
     <span class='ocr_line' id='line_1_20' title="bbox 146 2195 1307 2267; baseline 0.003 -19"><span class='ocrx_word' id='word_1_192' title='bbox 146 2197 270 2248; x_wconf 73' lang='lat' dir='ltr'>aethnei</span> <span class='ocrx_word' id='word_1_193' title='bbox 280 2195 438 2261; x_wconf 77' lang='lat' dir='ltr'>Philippicas</span> <span class='ocrx_word' id='word_1_194' title='bbox 456 2195 630 2265; x_wconf 82' lang='lat' dir='ltr'>adiurngimus.</span> <span class='ocrx_word' id='word_1_195' title='bbox 660 2196 782 2250; x_wconf 81' lang='lat' dir='ltr'>Getarum</span> <span class='ocrx_word' id='word_1_196' title='bbox 802 2211 818 2246; x_wconf 94' lang='lat' dir='ltr'>a</span> <span class='ocrx_word' id='word_1_197' title='bbox 835 2195 947 2248; x_wconf 82' lang='lat' dir='ltr'>vitarum</span> <span class='ocrx_word' id='word_1_198' title='bbox 960 2196 1132 2264; x_wconf 84' lang='lat' dir='ltr'>scriptoribus</span> <span class='ocrx_word' id='word_1_199' title='bbox 1145 2212 1198 2250; x_wconf 91' lang='lat' dir='ltr'>nou</span> <span class='ocrx_word' id='word_1_200' title='bbox 1210 2198 1307 2267; x_wconf 84' lang='lat' dir='ltr'>exigna</span> 
     </span>
     <span class='ocr_line' id='line_1_21' title="bbox 148 2281 1305 2351; baseline 0.003 -17"><span class='ocrx_word' id='word_1_201' title='bbox 148 2281 267 2335; x_wconf 88' lang='lat' dir='ltr'>subsidia</span> <span class='ocrx_word' id='word_1_202' title='bbox 284 2282 339 2350; x_wconf 86' lang='lat' dir='ltr'>peti</span> <span class='ocrx_word' id='word_1_203' title='bbox 357 2284 476 2350; x_wconf 88' lang='lat' dir='ltr'>possunt,</span> <span class='ocrx_word' id='word_1_204' title='bbox 501 2282 643 2348; x_wconf 79' lang='lat' dir='ltr'>Plutarcho,</span> <span class='ocrx_word' id='word_1_205' title='bbox 668 2284 742 2335; x_wconf 86' lang='lat' dir='ltr'>cuius</span> <span class='ocrx_word' id='word_1_206' title='bbox 762 2298 796 2334; x_wconf 82' lang='lat' dir='ltr'>ex</span> <span class='ocrx_word' id='word_1_207' title='bbox 814 2281 862 2334; x_wconf 91' lang='lat' dir='ltr'>hac</span> <span class='ocrx_word' id='word_1_208' title='bbox 880 2282 988 2351; x_wconf 89' lang='lat' dir='ltr'>periodo</span> <span class='ocrx_word' id='word_1_209' title='bbox 1007 2286 1069 2336; x_wconf 92' lang='lat' dir='ltr'>sunt</span> <span class='ocrx_word' id='word_1_210' title='bbox 1086 2283 1155 2336; x_wconf 87' lang='lat' dir='ltr'>vitae</span> <span class='ocrx_word' id='word_1_211' title='bbox 1172 2281 1305 2349; x_wconf 77' lang='lat' dir='ltr'>Aristidis,</span> 
     </span>
     <span class='ocr_line' id='line_1_22' title="bbox 147 2367 1305 2439; baseline 0.002 -18"><span class='ocrx_word' id='word_1_212' title='bbox 147 2368 347 2432; x_wconf 78' lang='lat' dir='ltr'>Themistoclis,</span> <span class='ocrx_word' id='word_1_213' title='bbox 376 2367 505 2433; x_wconf 70' lang='lat' dir='ltr'>(limonia,</span> <span class='ocrx_word' id='word_1_214' title='bbox 527 2368 654 2434; x_wconf 86' lang='lat' dir='ltr'>Periclis,</span> <span class='ocrx_word' id='word_1_215' title='bbox 677 2370 782 2433; x_wconf 91' lang='lat' dir='ltr'>Niciae,</span> <span class='ocrx_word' id='word_1_216' title='bbox 806 2367 965 2432; x_wconf 82' lang='lat' dir='ltr'>Alcibiadis,</span> <span class='ocrx_word' id='word_1_217' title='bbox 989 2368 1132 2436; x_wconf 80' lang='lat' dir='ltr'>Lysandri,</span> <span class='ocrx_word' id='word_1_218' title='bbox 1154 2369 1305 2439; x_wconf 89' lang='lat' dir='ltr'>Pelopidae,</span> 
     </span>
     <span class='ocr_line' id='line_1_23' title="bbox 146 2454 1305 2525; baseline 0.002 -16"><span class='ocrx_word' id='word_1_219' title='bbox 146 2454 276 2525; x_wconf 74' lang='lat' dir='ltr'>Agesilai,</span> <span class='ocrx_word' id='word_1_220' title='bbox 294 2455 487 2520; x_wconf 86' lang='lat' dir='ltr'>Demosthenis,</span> <span class='ocrx_word' id='word_1_221' title='bbox 512 2459 538 2508; x_wconf 89' lang='lat' dir='ltr'>et</span> <span class='ocrx_word' id='word_1_222' title='bbox 553 2455 664 2508; x_wconf 73' lang='lat' dir='ltr'>Cornelio</span> <span class='ocrx_word' id='word_1_223' title='bbox 682 2455 786 2523; x_wconf 81' lang='lat' dir='ltr'>Nepote,</span> <span class='ocrx_word' id='word_1_224' title='bbox 811 2456 856 2523; x_wconf 92' lang='lat' dir='ltr'>qui</span> <span class='ocrx_word' id='word_1_225' title='bbox 874 2458 945 2508; x_wconf 91' lang='lat' dir='ltr'>totus</span> <span class='ocrx_word' id='word_1_226' title='bbox 964 2454 1018 2508; x_wconf 86' lang='lat' dir='ltr'>fere</span> <span class='ocrx_word' id='word_1_227' title='bbox 1036 2456 1063 2508; x_wconf 93' lang='lat' dir='ltr'>in</span> <span class='ocrx_word' id='word_1_228' title='bbox 1081 2455 1172 2509; x_wconf 88' lang='lat' dir='ltr'>eadem</span> <span class='ocrx_word' id='word_1_229' title='bbox 1188 2458 1305 2525; x_wconf 87' lang='lat' dir='ltr'>periodo,</span> 
     </span>
     <span class='ocr_line' id='line_1_24' title="bbox 146 2540 1306 2611; baseline 0.003 -16"><span class='ocrx_word' id='word_1_230' title='bbox 146 2542 289 2611; x_wconf 90' lang='lat' dir='ltr'>praecipue</span> <span class='ocrx_word' id='word_1_231' title='bbox 306 2542 335 2594; x_wconf 90' lang='lat' dir='ltr'>in</span> <span class='ocrx_word' id='word_1_232' title='bbox 353 2541 409 2595; x_wconf 89' lang='lat' dir='ltr'>eius</span> <span class='ocrx_word' id='word_1_233' title='bbox 427 2544 501 2609; x_wconf 88' lang='lat' dir='ltr'>parte</span> <span class='ocrx_word' id='word_1_234' title='bbox 519 2543 664 2610; x_wconf 90' lang='lat' dir='ltr'>posteriore</span> <span class='ocrx_word' id='word_1_235' title='bbox 682 2546 809 2596; x_wconf 80' lang='lat' dir='ltr'>uersatur.</span> <span class='ocrx_word' id='word_1_236' title='bbox 830 2541 902 2605; x_wconf 85' lang='lat' dir='ltr'>.(Gi.</span> <span class='ocrx_word' id='word_1_237' title='bbox 921 2542 990 2595; x_wconf 77' lang='lat' dir='ltr'>uitas</span> <span class='ocrx_word' id='word_1_238' title='bbox 1008 2540 1211 2610; x_wconf 83' lang='lat' dir='ltr'>Epaminondae,</span> <span class='ocrx_word' id='word_1_239' title='bbox 1230 2543 1306 2598; x_wconf 90' lang='lat' dir='ltr'>Pele·</span> 
     </span>
     <span class='ocr_line' id='line_1_25' title="bbox 145 2627 1174 2697; baseline 0.001 -16"><span class='ocrx_word' id='word_1_240' title='bbox 145 2628 232 2697; x_wconf 87' lang='lat' dir='ltr'>pidae,</span> <span class='ocrx_word' id='word_1_241' title='bbox 249 2627 390 2696; x_wconf 81' lang='lat' dir='ltr'>Lysandri,</span> <span class='ocrx_word' id='word_1_242' title='bbox 408 2627 535 2696; x_wconf 79' lang='lat' dir='ltr'>Agesilai,</span> <span class='ocrx_word' id='word_1_243' title='bbox 554 2628 680 2694; x_wconf 76' lang='lat' dir='ltr'>Cononis,</span> <span class='ocrx_word' id='word_1_244' title='bbox 699 2629 847 2697; x_wconf 89' lang='lat' dir='ltr'>Iphicratis,</span> <span class='ocrx_word' id='word_1_245' title='bbox 867 2628 1004 2692; x_wconf 83' lang='lat' dir='ltr'>Chabriae,</span> <span class='ocrx_word' id='word_1_246' title='bbox 1023 2628 1174 2695; x_wconf 82' lang='lat' dir='ltr'>Timothei.)</span> 
     </span>
    </p>

    <p class='ocr_par' dir='ltr' id='par_1_5' title="bbox 147 2713 1368 3823">
     <span class='ocr_line' id='line_1_26' title="bbox 216 2713 1306 2782; baseline 0.001 -14"><span class='ocrx_word' id='word_1_247' title='bbox 216 2714 321 2768; x_wconf 83' lang='lat' dir='ltr'>Proelia</span> <span class='ocrx_word' id='word_1_248' title='bbox 340 2713 409 2782; x_wconf 91' lang='lat' dir='ltr'>apud</span> <span class='ocrx_word' id='word_1_249' title='bbox 424 2715 588 2767; x_wconf 79' lang='lat' dir='ltr'>Chaeroneam</span> <span class='ocrx_word' id='word_1_250' title='bbox 606 2713 641 2779; x_wconf 92' lang='lat' dir='ltr'>(a.</span> <span class='ocrx_word' id='word_1_251' title='bbox 655 2714 715 2768; x_wconf 81' lang='lat' dir='ltr'>Gbr.</span> <span class='ocrx_word' id='word_1_252' title='bbox 729 2713 793 2779; x_wconf 79' lang='lat'><strong>338)</strong></span> <span class='ocrx_word' id='word_1_253' title='bbox 812 2730 872 2767; x_wconf 93' lang='lat' dir='ltr'>cum</span> <span class='ocrx_word' id='word_1_254' title='bbox 883 2714 1058 2769; x_wconf 89' lang='lat' dir='ltr'>Athenienses</span> <span class='ocrx_word' id='word_1_255' title='bbox 1072 2719 1099 2768; x_wconf 89' lang='lat' dir='ltr'>et</span> <span class='ocrx_word' id='word_1_256' title='bbox 1112 2715 1229 2769; x_wconf 85' lang='lat' dir='ltr'>&#39;lhabani</span> <span class='ocrx_word' id='word_1_257' title='bbox 1241 2717 1306 2770; x_wconf 80' lang='lat' dir='ltr'>victi</span> 
     </span>
     <span class='ocr_line' id='line_1_27' title="bbox 147 2801 1305 2870; baseline 0 -14"><span class='ocrx_word' id='word_1_258' title='bbox 147 2805 245 2867; x_wconf 87' lang='lat' dir='ltr'>essent,</span> <span class='ocrx_word' id='word_1_259' title='bbox 262 2801 400 2870; x_wconf 86' lang='lat' dir='ltr'>imperium</span> <span class='ocrx_word' id='word_1_260' title='bbox 418 2801 452 2854; x_wconf 89' lang='lat' dir='ltr'>ad</span> <span class='ocrx_word' id='word_1_261' title='bbox 463 2801 612 2854; x_wconf 82' lang='lat' dir='ltr'>Macedones</span> <span class='ocrx_word' id='word_1_262' title='bbox 623 2801 778 2855; x_wconf 91' lang='lat' dir='ltr'>translatum</span> <span class='ocrx_word' id='word_1_263' title='bbox 794 2804 843 2866; x_wconf 90' lang='lat' dir='ltr'>est,</span> <span class='ocrx_word' id='word_1_264' title='bbox 862 2802 924 2855; x_wconf 90' lang='lat' dir='ltr'>etis</span> <span class='ocrx_word' id='word_1_265' title='bbox 937 2817 998 2855; x_wconf 86' lang='lat' dir='ltr'>uere</span> <span class='ocrx_word' id='word_1_266' title='bbox 1009 2801 1069 2855; x_wconf 85' lang='lat' dir='ltr'>finis</span> <span class='ocrx_word' id='word_1_267' title='bbox 1082 2801 1210 2856; x_wconf 91' lang='lat' dir='ltr'>libertatis</span> <span class='ocrx_word' id='word_1_268' title='bbox 1224 2801 1305 2857; x_wconf 81' lang='lat' dir='ltr'>Grae·</span> 
     </span>
     <span class='ocr_line' id='line_1_28' title="bbox 147 2887 1305 2957; baseline 0 -15"><span class='ocrx_word' id='word_1_269' title='bbox 147 2904 237 2942; x_wconf 91' lang='lat' dir='ltr'>cerum</span> <span class='ocrx_word' id='word_1_270' title='bbox 255 2889 427 2941; x_wconf 83' lang='lat' dir='ltr'>existimatur.</span> <span class='ocrx_word' id='word_1_271' title='bbox 462 2887 530 2939; x_wconf 89' lang='lat' dir='ltr'>Nam</span> <span class='ocrx_word' id='word_1_272' title='bbox 549 2888 600 2941; x_wconf 89' lang='lat' dir='ltr'>etsi</span> <span class='ocrx_word' id='word_1_273' title='bbox 618 2888 754 2957; x_wconf 88' lang='lat' dir='ltr'>Philippus</span> <span class='ocrx_word' id='word_1_274' title='bbox 774 2891 801 2941; x_wconf 88' lang='lat' dir='ltr'>et</span> <span class='ocrx_word' id='word_1_275' title='bbox 818 2887 967 2941; x_wconf 73' lang='lat' dir='ltr'>Menander</span> <span class='ocrx_word' id='word_1_276' title='bbox 985 2888 1117 2955; x_wconf 89' lang='lat' dir='ltr'>ceterique</span> <span class='ocrx_word' id='word_1_277' title='bbox 1134 2889 1305 2942; x_wconf 87' lang='lat' dir='ltr'>liacsdenum</span> 
     </span>
     <span class='ocr_line' id='line_1_29' title="bbox 147 2973 1305 3044; baseline 0 -16"><span class='ocrx_word' id='word_1_278' title='bbox 147 2991 224 3044; x_wconf 89' lang='lat' dir='ltr'>reges</span> <span class='ocrx_word' id='word_1_279' title='bbox 244 2975 332 3029; x_wconf 87' lang='lat' dir='ltr'>secius</span> <span class='ocrx_word' id='word_1_280' title='bbox 351 2974 441 3027; x_wconf 90' lang='lat' dir='ltr'>haberi</span> <span class='ocrx_word' id='word_1_281' title='bbox 459 2989 497 3038; x_wconf 89' lang='lat' dir='ltr'>se,</span> <span class='ocrx_word' id='word_1_282' title='bbox 515 2989 568 3027; x_wconf 92' lang='lat' dir='ltr'>non</span> <span class='ocrx_word' id='word_1_283' title='bbox 587 2975 706 3028; x_wconf 89' lang='lat' dir='ltr'>domines</span> <span class='ocrx_word' id='word_1_284' title='bbox 724 2974 856 3038; x_wconf 79' lang='lat' dir='ltr'>uolebant,</span> <span class='ocrx_word' id='word_1_285' title='bbox 875 2977 902 3027; x_wconf 89' lang='lat' dir='ltr'>et</span> <span class='ocrx_word' id='word_1_286' title='bbox 919 2973 997 3041; x_wconf 84' lang='lat' dir='ltr'>longe</span> <span class='ocrx_word' id='word_1_287' title='bbox 1016 2974 1067 3026; x_wconf 88' lang='lat' dir='ltr'>alia</span> <span class='ocrx_word' id='word_1_288' title='bbox 1083 2978 1145 3027; x_wconf 91' lang='lat' dir='ltr'>tunc</span> <span class='ocrx_word' id='word_1_289' title='bbox 1158 2977 1215 3027; x_wconf 91' lang='lat' dir='ltr'>erat</span> <span class='ocrx_word' id='word_1_290' title='bbox 1226 2974 1305 3028; x_wconf 85' lang='lat' dir='ltr'>Grae·</span> 
     </span>
     <span class='ocr_line' id='line_1_30' title="bbox 147 3059 1306 3132; baseline -0.001 -17"><span class='ocrx_word' id='word_1_291' title='bbox 147 3076 236 3114; x_wconf 89' lang='lat' dir='ltr'>carum</span> <span class='ocrx_word' id='word_1_292' title='bbox 254 3061 402 3132; x_wconf 29' lang='lat' dir='ltr'>ciuitatum,</span> <span class='ocrx_word' id='word_1_293' title='bbox 414 3062 533 3115; x_wconf 88' lang='lat' dir='ltr'>condicio</span> <span class='ocrx_word' id='word_1_294' title='bbox 557 3077 588 3114; x_wconf 89' lang='lat' dir='ltr'>ac</span> <span class='ocrx_word' id='word_1_295' title='bbox 612 3062 730 3129; x_wconf 89' lang='lat' dir='ltr'>siquem</span> <span class='ocrx_word' id='word_1_296' title='bbox 749 3059 875 3128; x_wconf 89' lang='lat' dir='ltr'>populum</span> <span class='ocrx_word' id='word_1_297' title='bbox 892 3060 970 3113; x_wconf 90' lang='lat' dir='ltr'>hodie</span> <span class='ocrx_word' id='word_1_298' title='bbox 988 3062 1072 3114; x_wconf 88' lang='lat' dir='ltr'>alieno</span> <span class='ocrx_word' id='word_1_299' title='bbox 1091 3060 1201 3129; x_wconf 89' lang='lat' dir='ltr'>imperio</span> <span class='ocrx_word' id='word_1_300' title='bbox 1219 3061 1306 3114; x_wconf 86' lang='lat' dir='ltr'>subie-</span> 
     </span>
     <span class='ocr_line' id='line_1_31' title="bbox 148 3135 1368 3217; baseline 0.001 -16"><span class='ocrx_word' id='word_1_301' title='bbox 148 3151 218 3202; x_wconf 89' lang='lat' dir='ltr'>ctum</span> <span class='ocrx_word' id='word_1_302' title='bbox 236 3147 358 3212; x_wconf 87' lang='lat' dir='ltr'>dicimus,</span> <span class='ocrx_word' id='word_1_303' title='bbox 375 3152 464 3202; x_wconf 89' lang='lat' dir='ltr'>tamen</span> <span class='ocrx_word' id='word_1_304' title='bbox 482 3148 584 3201; x_wconf 80' lang='lat' dir='ltr'>animm</span> <span class='ocrx_word' id='word_1_305' title='bbox 603 3163 727 3217; x_wconf 85' lang='lat' dir='ltr'>magnum</span> <span class='ocrx_word' id='word_1_306' title='bbox 745 3146 843 3215; x_wconf 84' lang='lat' dir='ltr'>aliquid</span> <span class='ocrx_word' id='word_1_307' title='bbox 862 3147 974 3201; x_wconf 89' lang='lat' dir='ltr'>audendi</span> <span class='ocrx_word' id='word_1_308' title='bbox 991 3149 1019 3201; x_wconf 91' lang='lat' dir='ltr'>in</span> <span class='ocrx_word' id='word_1_309' title='bbox 1037 3148 1087 3200; x_wconf 90' lang='lat' dir='ltr'>hoc</span> <span class='ocrx_word' id='word_1_310' title='bbox 1098 3147 1216 3216; x_wconf 87' lang='lat' dir='ltr'>precario</span> <span class='ocrx_word' id='word_1_311' title='bbox 1228 3147 1306 3202; x_wconf 90' lang='lat' dir='ltr'>liber·</span> <span class='ocrx_word' id='word_1_312' title='bbox 1364 3135 1368 3141; x_wconf 48' lang='lat'><strong>⁴</strong></span> 
     </span>
     <span class='ocr_line' id='line_1_32' title="bbox 147 3234 1307 3305; baseline 0.002 -17"><span class='ocrx_word' id='word_1_313' title='bbox 147 3235 209 3288; x_wconf 86' lang='lat' dir='ltr'>tatis</span> <span class='ocrx_word' id='word_1_314' title='bbox 228 3250 279 3288; x_wconf 89' lang='lat' dir='ltr'>usu</span> <span class='ocrx_word' id='word_1_315' title='bbox 298 3234 508 3303; x_wconf 72' lang='lat' dir='ltr'>exdnguebatur,</span> <span class='ocrx_word' id='word_1_316' title='bbox 527 3235 573 3289; x_wconf 91' lang='lat' dir='ltr'>ubi</span> <span class='ocrx_word' id='word_1_317' title='bbox 590 3234 624 3288; x_wconf 88' lang='lat' dir='ltr'>ad</span> <span class='ocrx_word' id='word_1_318' title='bbox 640 3250 733 3303; x_wconf 88' lang='lat' dir='ltr'>regum</span> <span class='ocrx_word' id='word_1_319' title='bbox 751 3234 911 3288; x_wconf 79' lang='lat' dir='ltr'>voluntatem</span> <span class='ocrx_word' id='word_1_320' title='bbox 929 3239 957 3288; x_wconf 90' lang='lat' dir='ltr'>et</span> <span class='ocrx_word' id='word_1_321' title='bbox 973 3250 1065 3289; x_wconf 91' lang='lat' dir='ltr'>manus</span> <span class='ocrx_word' id='word_1_322' title='bbox 1084 3237 1111 3288; x_wconf 90' lang='lat' dir='ltr'>et</span> <span class='ocrx_word' id='word_1_323' title='bbox 1127 3249 1191 3304; x_wconf 87' lang='lat' dir='ltr'>epea</span> <span class='ocrx_word' id='word_1_324' title='bbox 1203 3251 1307 3305; x_wconf 89' lang='lat' dir='ltr'>semper</span> 
     </span>
     <span class='ocr_line' id='line_1_33' title="bbox 149 3320 1306 3391; baseline 0.002 -16"><span class='ocrx_word' id='word_1_325' title='bbox 149 3325 205 3375; x_wconf 90' lang='lat' dir='ltr'>erat</span> <span class='ocrx_word' id='word_1_326' title='bbox 222 3320 423 3390; x_wconf 87' lang='lat' dir='ltr'>respiciendum.</span> <span class='ocrx_word' id='word_1_327' title='bbox 451 3321 544 3390; x_wconf 87' lang='lat' dir='ltr'>Itaque</span> <span class='ocrx_word' id='word_1_328' title='bbox 562 3323 679 3374; x_wconf 83' lang='lat' dir='ltr'>veterum</span> <span class='ocrx_word' id='word_1_329' title='bbox 699 3321 856 3390; x_wconf 89' lang='lat' dir='ltr'>scriptorum</span> <span class='ocrx_word' id='word_1_330' title='bbox 868 3322 1016 3390; x_wconf 88' lang='lat' dir='ltr'>exemplum</span> <span class='ocrx_word' id='word_1_331' title='bbox 1029 3322 1114 3376; x_wconf 88' lang='lat' dir='ltr'>secuti</span> <span class='ocrx_word' id='word_1_332' title='bbox 1126 3336 1224 3388; x_wconf 89' lang='lat' dir='ltr'>sumus,</span> <span class='ocrx_word' id='word_1_333' title='bbox 1243 3338 1306 3391; x_wconf 79' lang='lat' dir='ltr'>quo</span> 
     </span>
     <span class='ocr_line' id='line_1_34' title="bbox 148 3407 1307 3477; baseline 0.003 -17"><span class='ocrx_word' id='word_1_334' title='bbox 148 3423 206 3461; x_wconf 89' lang='lat' dir='ltr'>rum</span> <span class='ocrx_word' id='word_1_335' title='bbox 224 3408 362 3476; x_wconf 87' lang='lat' dir='ltr'>diligentia</span> <span class='ocrx_word' id='word_1_336' title='bbox 377 3411 485 3477; x_wconf 89' lang='lat' dir='ltr'>repente</span> <span class='ocrx_word' id='word_1_337' title='bbox 503 3409 531 3461; x_wconf 87' lang='lat' dir='ltr'>in</span> <span class='ocrx_word' id='word_1_338' title='bbox 549 3407 628 3461; x_wconf 89' lang='lat' dir='ltr'>aliam</span> <span class='ocrx_word' id='word_1_339' title='bbox 645 3410 746 3475; x_wconf 89' lang='lat' dir='ltr'>partem</span> <span class='ocrx_word' id='word_1_340' title='bbox 764 3412 967 3473; x_wconf 83' lang='lat' dir='ltr'>conuerteretur,</span> <span class='ocrx_word' id='word_1_341' title='bbox 990 3424 1075 3477; x_wconf 86' lang='lat' dir='ltr'>neque</span> <span class='ocrx_word' id='word_1_342' title='bbox 1093 3412 1207 3462; x_wconf 88' lang='lat' dir='ltr'>ceteram</span> <span class='ocrx_word' id='word_1_343' title='bbox 1224 3410 1307 3463; x_wconf 90' lang='lat' dir='ltr'>histo-</span> 
     </span>
     <span class='ocr_line' id='line_1_35' title="bbox 149 3494 1306 3564; baseline 0.001 -16"><span class='ocrx_word' id='word_1_344' title='bbox 149 3495 214 3548; x_wconf 89' lang='lat' dir='ltr'>riam</span> <span class='ocrx_word' id='word_1_345' title='bbox 234 3496 374 3548; x_wconf 88' lang='lat' dir='ltr'>liberarum</span> <span class='ocrx_word' id='word_1_346' title='bbox 392 3496 420 3549; x_wconf 90' lang='lat' dir='ltr'>in</span> <span class='ocrx_word' id='word_1_347' title='bbox 439 3494 551 3549; x_wconf 83' lang='lat' dir='ltr'>Graecia</span> <span class='ocrx_word' id='word_1_348' title='bbox 568 3495 703 3548; x_wconf 80' lang='lat' dir='ltr'>ciuitatum</span> <span class='ocrx_word' id='word_1_349' title='bbox 723 3511 739 3547; x_wconf 91' lang='lat' dir='ltr'>a</span> <span class='ocrx_word' id='word_1_350' title='bbox 756 3510 837 3563; x_wconf 88' lang='lat' dir='ltr'>regno</span> <span class='ocrx_word' id='word_1_351' title='bbox 849 3495 1016 3548; x_wconf 78' lang='lat' dir='ltr'>Macedonico</span> <span class='ocrx_word' id='word_1_352' title='bbox 1035 3496 1220 3564; x_wconf 80' lang='lat' dir='ltr'>separavimus.</span> <span class='ocrx_word' id='word_1_353' title='bbox 1250 3496 1306 3549; x_wconf 90' lang='lat' dir='ltr'>Iam</span> 
     </span>
     <span class='ocr_line' id='line_1_36' title="bbox 148 3580 1307 3651; baseline 0.002 -17"><span class='ocrx_word' id='word_1_354' title='bbox 148 3597 210 3635; x_wconf 83' lang='lat' dir='ltr'>rere</span> <span class='ocrx_word' id='word_1_355' title='bbox 228 3582 368 3634; x_wconf 74' lang='lat' dir='ltr'>Alexandri</span> <span class='ocrx_word' id='word_1_356' title='bbox 385 3581 479 3649; x_wconf 72' lang='lat' dir='ltr'>Magni</span> <span class='ocrx_word' id='word_1_357' title='bbox 495 3597 538 3635; x_wconf 89' lang='lat' dir='ltr'>res</span> <span class='ocrx_word' id='word_1_358' title='bbox 558 3584 662 3651; x_wconf 86' lang='lat' dir='ltr'>gestae,</span> <span class='ocrx_word' id='word_1_359' title='bbox 686 3596 746 3633; x_wconf 89' lang='lat' dir='ltr'>cum</span> <span class='ocrx_word' id='word_1_360' title='bbox 768 3582 831 3634; x_wconf 90' lang='lat' dir='ltr'>clim</span> <span class='ocrx_word' id='word_1_361' title='bbox 854 3580 886 3633; x_wconf 87' lang='lat' dir='ltr'>ab</span> <span class='ocrx_word' id='word_1_362' title='bbox 905 3581 1006 3649; x_wconf 82' lang='lat' dir='ltr'>ingenii</span> <span class='ocrx_word' id='word_1_363' title='bbox 1023 3596 1130 3635; x_wconf 90' lang='lat' dir='ltr'>numere</span> <span class='ocrx_word' id='word_1_364' title='bbox 1150 3583 1307 3651; x_wconf 90' lang='lat' dir='ltr'>scriptorum</span> 
     </span>
     <span class='ocr_line' id='line_1_37' title="bbox 149 3666 1306 3737; baseline 0.002 -16"><span class='ocrx_word' id='word_1_365' title='bbox 149 3666 273 3737; x_wconf 89' lang='lat' dir='ltr'>(amplius</span> <span class='ocrx_word' id='word_1_366' title='bbox 295 3666 357 3733; x_wconf 82' lang='lat'>130)</span> <span class='ocrx_word' id='word_1_367' title='bbox 375 3672 509 3722; x_wconf 77' lang='lat' dir='ltr'>comatae</span> <span class='ocrx_word' id='word_1_368' title='bbox 528 3670 626 3732; x_wconf 89' lang='lat' dir='ltr'>essent,</span> <span class='ocrx_word' id='word_1_369' title='bbox 648 3681 759 3734; x_wconf 89' lang='lat' dir='ltr'>querum</span> <span class='ocrx_word' id='word_1_370' title='bbox 776 3670 864 3721; x_wconf 87' lang='lat' dir='ltr'>tamen</span> <span class='ocrx_word' id='word_1_371' title='bbox 881 3668 960 3736; x_wconf 88' lang='lat' dir='ltr'>pauci</span> <span class='ocrx_word' id='word_1_372' title='bbox 976 3672 1139 3736; x_wconf 88' lang='lat' dir='ltr'>posterorum</span> <span class='ocrx_word' id='word_1_373' title='bbox 1156 3667 1235 3722; x_wconf 88' lang='lat' dir='ltr'>fidem</span> <span class='ocrx_word' id='word_1_374' title='bbox 1253 3686 1306 3724; x_wconf 90' lang='lat' dir='ltr'>me·</span> 
     </span>
     <span class='ocr_line' id='line_1_38' title="bbox 148 3753 1307 3823; baseline 0.003 -16"><span class='ocrx_word' id='word_1_375' title='bbox 148 3757 265 3819; x_wconf 85' lang='lat' dir='ltr'>ruerunt,</span> <span class='ocrx_word' id='word_1_376' title='bbox 290 3757 320 3807; x_wconf 93' lang='lat' dir='ltr'>ut</span> <span class='ocrx_word' id='word_1_377' title='bbox 336 3754 504 3809; x_wconf 88' lang='lat' dir='ltr'>Ptolemaeus</span> <span class='ocrx_word' id='word_1_378' title='bbox 522 3754 597 3823; x_wconf 86' lang='lat' dir='ltr'>Lagi,</span> <span class='ocrx_word' id='word_1_379' title='bbox 619 3753 796 3820; x_wconf 90' lang='lat' dir='ltr'>Aristobulus,</span> <span class='ocrx_word' id='word_1_380' title='bbox 819 3756 908 3823; x_wconf 90' lang='lat' dir='ltr'>plures</span> <span class='ocrx_word' id='word_1_381' title='bbox 927 3758 972 3807; x_wconf 88' lang='lat' dir='ltr'>aut</span> <span class='ocrx_word' id='word_1_382' title='bbox 989 3758 1094 3823; x_wconf 89' lang='lat' dir='ltr'>propter</span> <span class='ocrx_word' id='word_1_383' title='bbox 1111 3755 1243 3810; x_wconf 84' lang='lat' dir='ltr'>levitatem</span> <span class='ocrx_word' id='word_1_384' title='bbox 1262 3761 1307 3811; x_wconf 89' lang='lat' dir='ltr'>aut</span> 
     </span>
    </p>
   </div>
   <div class='ocr_carea' id='block_1_5' title="bbox 58 3841 1306 3911">
    <p class='ocr_par' dir='ltr' id='par_1_6' title="bbox 58 3841 1306 3911">
     <span class='ocr_line' id='line_1_39' title="bbox 58 3841 1306 3911; baseline 0.005 -20"><span class='ocrx_word' id='word_1_385' title='bbox 58 3872 60 3875; x_wconf 94' lang='lat'>-</span> <span class='ocrx_word' id='word_1_386' title='bbox 149 3842 257 3909; x_wconf 90' lang='lat' dir='ltr'>propter</span> <span class='ocrx_word' id='word_1_387' title='bbox 276 3844 426 3909; x_wconf 90' lang='lat' dir='ltr'>corruptum</span> <span class='ocrx_word' id='word_1_388' title='bbox 445 3841 550 3895; x_wconf 91' lang='lat' dir='ltr'>dicendi</span> <span class='ocrx_word' id='word_1_389' title='bbox 568 3856 651 3911; x_wconf 87' lang='lat' dir='ltr'>genus</span> <span class='ocrx_word' id='word_1_390' title='bbox 670 3842 754 3893; x_wconf 88' lang='lat' dir='ltr'>notati</span> <span class='ocrx_word' id='word_1_391' title='bbox 772 3845 842 3907; x_wconf 89' lang='lat' dir='ltr'>suut,</span> <span class='ocrx_word' id='word_1_392' title='bbox 859 3842 937 3896; x_wconf 88' lang='lat' dir='ltr'>hodie</span> <span class='ocrx_word' id='word_1_393' title='bbox 955 3859 989 3895; x_wconf 84' lang='lat' dir='ltr'>ex</span> <span class='ocrx_word' id='word_1_394' title='bbox 1001 3842 1112 3907; x_wconf 88' lang='lat' dir='ltr'>duobus,</span> <span class='ocrx_word' id='word_1_395' title='bbox 1130 3843 1176 3910; x_wconf 91' lang='lat' dir='ltr'>qui</span> <span class='ocrx_word' id='word_1_396' title='bbox 1190 3843 1240 3897; x_wconf 89' lang='lat' dir='ltr'>hoc</span> <span class='ocrx_word' id='word_1_397' title='bbox 1253 3845 1306 3897; x_wconf 93' lang='lat' dir='ltr'>sin-</span> 
     </span>
    </p>
   </div>
   <div class='ocr_carea' id='block_1_6' title="bbox 147 3926 1363 4604">
    <p class='ocr_par' dir='ltr' id='par_1_7' title="bbox 147 3926 1363 4604">
     <span class='ocr_line' id='line_1_40' title="bbox 150 3926 1305 3998; baseline 0.004 -20"><span class='ocrx_word' id='word_1_398' title='bbox 150 3926 241 3996; x_wconf 85' lang='lat' dir='ltr'>gulare</span> <span class='ocrx_word' id='word_1_399' title='bbox 265 3927 317 3981; x_wconf 89' lang='lat' dir='ltr'>sibi</span> <span class='ocrx_word' id='word_1_400' title='bbox 339 3931 519 3997; x_wconf 88' lang='lat' dir='ltr'>argumentum</span> <span class='ocrx_word' id='word_1_401' title='bbox 543 3930 723 3997; x_wconf 90' lang='lat' dir='ltr'>sumpserunt,</span> <span class='ocrx_word' id='word_1_402' title='bbox 747 3933 954 3998; x_wconf 86' lang='lat' dir='ltr'>cognoscuntur,</span> <span class='ocrx_word' id='word_1_403' title='bbox 976 3931 1085 3983; x_wconf 85' lang='lat' dir='ltr'>Arriano</span> <span class='ocrx_word' id='word_1_404' title='bbox 1105 3929 1205 3983; x_wconf 85' lang='lat' dir='ltr'>Graeco</span> <span class='ocrx_word' id='word_1_405' title='bbox 1228 3933 1254 3983; x_wconf 89' lang='lat' dir='ltr'>et</span> <span class='ocrx_word' id='word_1_406' title='bbox 1276 3930 1305 3991; x_wconf 77' lang='lat' dir='ltr'>Q.</span> 
     </span>
     <span class='ocr_line' id='line_1_41' title="bbox 151 4012 1306 4085; baseline 0.005 -20"><span class='ocrx_word' id='word_1_407' title='bbox 151 4015 237 4066; x_wconf 81' lang='lat' dir='ltr'>Curtio</span> <span class='ocrx_word' id='word_1_408' title='bbox 256 4012 382 4079; x_wconf 83' lang='lat' dir='ltr'>Romano,</span> <span class='ocrx_word' id='word_1_409' title='bbox 404 4031 514 4083; x_wconf 86' lang='lat' dir='ltr'>quorum</span> <span class='ocrx_word' id='word_1_410' title='bbox 532 4016 603 4085; x_wconf 90' lang='lat' dir='ltr'>prier</span> <span class='ocrx_word' id='word_1_411' title='bbox 622 4015 684 4083; x_wconf 91' lang='lat' dir='ltr'>quin</span> <span class='ocrx_word' id='word_1_412' title='bbox 702 4017 784 4069; x_wconf 90' lang='lat' dir='ltr'>multo</span> <span class='ocrx_word' id='word_1_413' title='bbox 802 4020 919 4085; x_wconf 88' lang='lat' dir='ltr'>praestet</span> <span class='ocrx_word' id='word_1_414' title='bbox 937 4017 1012 4070; x_wconf 87' lang='lat' dir='ltr'>alteri</span> <span class='ocrx_word' id='word_1_415' title='bbox 1028 4032 1114 4070; x_wconf 88' lang='lat' dir='ltr'>rerum</span> <span class='ocrx_word' id='word_1_416' title='bbox 1132 4018 1306 4082; x_wconf 87' lang='lat' dir='ltr'>accuratione,</span> 
     </span>
     <span class='ocr_line' id='line_1_42' title="bbox 149 4099 1307 4173; baseline 0.003 -19"><span class='ocrx_word' id='word_1_417' title='bbox 149 4116 226 4154; x_wconf 88' lang='lat' dir='ltr'>nemo</span> <span class='ocrx_word' id='word_1_418' title='bbox 245 4103 287 4154; x_wconf 90' lang='lat' dir='ltr'>est</span> <span class='ocrx_word' id='word_1_419' title='bbox 304 4099 350 4167; x_wconf 89' lang='lat' dir='ltr'>qui</span> <span class='ocrx_word' id='word_1_420' title='bbox 367 4101 476 4156; x_wconf 86' lang='lat' dir='ltr'>dubitet</span> <span class='ocrx_word' id='word_1_421' title='bbox 512 4102 580 4155; x_wconf 90' lang='lat' dir='ltr'>Nam</span> <span class='ocrx_word' id='word_1_422' title='bbox 601 4103 701 4155; x_wconf 77' lang='lat' dir='ltr'>Cortice</span> <span class='ocrx_word' id='word_1_423' title='bbox 719 4116 778 4155; x_wconf 88' lang='lat' dir='ltr'>cum</span> <span class='ocrx_word' id='word_1_424' title='bbox 795 4103 862 4156; x_wconf 89' lang='lat' dir='ltr'>hanc</span> <span class='ocrx_word' id='word_1_425' title='bbox 880 4104 1015 4157; x_wconf 88' lang='lat' dir='ltr'>materiam</span> <span class='ocrx_word' id='word_1_426' title='bbox 1033 4104 1084 4158; x_wconf 86' lang='lat' dir='ltr'>eibi</span> <span class='ocrx_word' id='word_1_427' title='bbox 1102 4105 1254 4173; x_wconf 86' lang='lat' dir='ltr'>expetisset,</span> <span class='ocrx_word' id='word_1_428' title='bbox 1277 4106 1307 4157; x_wconf 91' lang='lat' dir='ltr'>ut</span> 
     </span>
     <span class='ocr_line' id='line_1_43' title="bbox 147 4188 1363 4258; baseline 0.002 -17"><span class='ocrx_word' id='word_1_429' title='bbox 147 4188 284 4258; x_wconf 87' lang='lat' dir='ltr'>ingenium</span> <span class='ocrx_word' id='word_1_430' title='bbox 307 4190 385 4254; x_wconf 88' lang='lat' dir='ltr'>atque</span> <span class='ocrx_word' id='word_1_431' title='bbox 409 4189 583 4256; x_wconf 88' lang='lat' dir='ltr'>eloquentiam</span> <span class='ocrx_word' id='word_1_432' title='bbox 606 4189 769 4253; x_wconf 89' lang='lat' dir='ltr'>ostenderet,</span> <span class='ocrx_word' id='word_1_433' title='bbox 792 4189 919 4258; x_wconf 89' lang='lat' dir='ltr'>imprimis</span> <span class='ocrx_word' id='word_1_434' title='bbox 945 4205 1012 4258; x_wconf 85' lang='lat' dir='ltr'>quae</span> <span class='ocrx_word' id='word_1_435' title='bbox 1030 4190 1063 4242; x_wconf 92' lang='lat' dir='ltr'>ad</span> <span class='ocrx_word' id='word_1_436' title='bbox 1081 4189 1306 4243; x_wconf 82' lang='lat' dir='ltr'>admirabilitatem</span> <span class='ocrx_word' id='word_1_437' title='bbox 1360 4220 1363 4224; x_wconf 94' lang='lat'>·</span> 
     </span>
     <span class='ocr_line' id='line_1_44' title="bbox 148 4273 1305 4345; baseline 0 -18"><span class='ocrx_word' id='word_1_438' title='bbox 148 4274 268 4345; x_wconf 77' lang='lat' dir='ltr'>fortuma</span> <span class='ocrx_word' id='word_1_439' title='bbox 286 4274 427 4342; x_wconf 87' lang='lat' dir='ltr'>pertinent,</span> <span class='ocrx_word' id='word_1_440' title='bbox 447 4275 605 4330; x_wconf 80' lang='lat' dir='ltr'>Clitarchum</span> <span class='ocrx_word' id='word_1_441' title='bbox 624 4279 740 4341; x_wconf 89' lang='lat' dir='ltr'>secutus,</span> <span class='ocrx_word' id='word_1_442' title='bbox 760 4277 887 4345; x_wconf 66' lang='lat' dir='ltr'>explicate</span> <span class='ocrx_word' id='word_1_443' title='bbox 909 4278 1033 4329; x_wconf 72' lang='lat' dir='ltr'>Aniciana</span> <span class='ocrx_word' id='word_1_444' title='bbox 1050 4275 1147 4339; x_wconf 87' lang='lat' dir='ltr'>(altere</span> <span class='ocrx_word' id='word_1_445' title='bbox 1165 4277 1227 4341; x_wconf 88' lang='lat' dir='ltr'>post</span> <span class='ocrx_word' id='word_1_446' title='bbox 1245 4273 1305 4327; x_wconf 77' lang='lat' dir='ltr'>(ihr.</span> 
     </span>
     <span class='ocr_line' id='line_1_45' title="bbox 148 4356 1305 4432; baseline -0.003 -17"><span class='ocrx_word' id='word_1_447' title='bbox 148 4365 239 4415; x_wconf 90' lang='lat' dir='ltr'>natum</span> <span class='ocrx_word' id='word_1_448' title='bbox 252 4360 383 4424; x_wconf 86' lang='lat' dir='ltr'>saeculo),</span> <span class='ocrx_word' id='word_1_449' title='bbox 402 4362 568 4415; x_wconf 81' lang='lat' dir='ltr'>cumiustam</span> <span class='ocrx_word' id='word_1_450' title='bbox 580 4364 716 4417; x_wconf 87' lang='lat' dir='ltr'>historiam</span> <span class='ocrx_word' id='word_1_451' title='bbox 728 4379 884 4432; x_wconf 88' lang='lat' dir='ltr'>componere</span> <span class='ocrx_word' id='word_1_452' title='bbox 896 4364 983 4429; x_wconf 82' lang='lat' dir='ltr'>vellet,</span> <span class='ocrx_word' id='word_1_453' title='bbox 1003 4366 1030 4416; x_wconf 93' lang='lat' dir='ltr'>et</span> <span class='ocrx_word' id='word_1_454' title='bbox 1040 4358 1224 4428; x_wconf 86' lang='lat' dir='ltr'>Xenophontis</span> <span class='ocrx_word' id='word_1_455' title='bbox 1236 4356 1305 4412; x_wconf 89' lang='lat' dir='ltr'>Ana·</span> 
     </span>
     <span class='ocr_line' id='line_1_46' title="bbox 147 4443 1306 4517; baseline -0.003 -15"><span class='ocrx_word' id='word_1_456' title='bbox 147 4449 225 4502; x_wconf 89' lang='lat' dir='ltr'>basin</span> <span class='ocrx_word' id='word_1_457' title='bbox 243 4447 277 4500; x_wconf 93' lang='lat' dir='ltr'>ad</span> <span class='ocrx_word' id='word_1_458' title='bbox 294 4446 448 4500; x_wconf 88' lang='lat' dir='ltr'>imitandum</span> <span class='ocrx_word' id='word_1_459' title='bbox 466 4447 518 4500; x_wconf 88' lang='lat' dir='ltr'>sibi</span> <span class='ocrx_word' id='word_1_460' title='bbox 535 4451 724 4517; x_wconf 87' lang='lat' dir='ltr'>proposuisset,</span> <span class='ocrx_word' id='word_1_461' title='bbox 744 4452 920 4505; x_wconf 88' lang='lat' dir='ltr'>certissimum</span> <span class='ocrx_word' id='word_1_462' title='bbox 937 4460 1024 4503; x_wconf 87' lang='lat' dir='ltr'>rerum</span> <span class='ocrx_word' id='word_1_463' title='bbox 1041 4447 1193 4502; x_wconf 87' lang='lat' dir='ltr'>bellicarum</span> <span class='ocrx_word' id='word_1_464' title='bbox 1212 4443 1306 4499; x_wconf 88' lang='lat' dir='ltr'>ducem</span> 
     </span>
     <span class='ocr_line' id='line_1_47' title="bbox 147 4529 1306 4604; baseline -0.003 -17"><span class='ocrx_word' id='word_1_465' title='bbox 147 4535 326 4597; x_wconf 70' lang='lat' dir='ltr'>Polemonem,</span> <span class='ocrx_word' id='word_1_466' title='bbox 350 4530 418 4599; x_wconf 86' lang='lat' dir='ltr'>Lagi</span> <span class='ocrx_word' id='word_1_467' title='bbox 434 4529 531 4599; x_wconf 87' lang='lat' dir='ltr'>filium,</span> <span class='ocrx_word' id='word_1_468' title='bbox 554 4534 647 4603; x_wconf 88' lang='lat' dir='ltr'>elegit,</span> <span class='ocrx_word' id='word_1_469' title='bbox 670 4539 697 4589; x_wconf 87' lang='lat' dir='ltr'>et</span> <span class='ocrx_word' id='word_1_470' title='bbox 714 4537 842 4604; x_wconf 87' lang='lat' dir='ltr'>eleganti,</span> <span class='ocrx_word' id='word_1_471' title='bbox 865 4536 914 4590; x_wconf 90' lang='lat' dir='ltr'>sed</span> <span class='ocrx_word' id='word_1_472' title='bbox 935 4534 1048 4603; x_wconf 85' lang='lat' dir='ltr'>simplici</span> <span class='ocrx_word' id='word_1_473' title='bbox 1065 4529 1190 4586; x_wconf 85' lang='lat' dir='ltr'>erationis</span> <span class='ocrx_word' id='word_1_474' title='bbox 1209 4544 1306 4598; x_wconf 84' lang='lat' dir='ltr'>genere</span> 
     </span>
    </p>
   </div>
   <div class='ocr_carea' id='block_1_7' title="bbox 0 0 1537 5064">
    <p class='ocr_par' dir='ltr' id='par_1_8' title="bbox 0 0 1537 5064">
     <span class='ocr_line' id='line_1_48' title="bbox 0 0 1537 5064; baseline 0 0"><span class='ocrx_word' id='word_1_475' title='bbox 0 0 1537 5064; x_wconf 95' lang='lat' dir='ltr'> </span> 
     </span>
    </p>
   </div>
  </div>
 </body>
</html>
