3012 5062
232 418 266 473 98
695 411 802 460 nudes
819 408 923 461 Romani

232 593 311 634 “ch''
355 602 404 632 Μ
501 642 551 711 Ap.
571 640 697 695 Claudius
721 653 775 693 cos.
799 640 845 708 qui
867 638 968 692 ltaliam
991 655 1064 708 prer.
1089 642 1239 711 aliilmlr
1267 642 1392 712 8101101110

467 714 587 766 militaris
606 712 725 780 cupidus,
744 727 803 763 cum
822 710 952 774 Salassos,
977 715 1081 780 gentem
1100 712 1230 781 Alpinam,
1251 713 1393 767 invasisset
1482 720 1483 725 ’

469 786 577 907 issfffll⁰
596 788 669 850 parte
686 783 834 905 rpulgasstpp,
852 783 955 904 inipspu
975 786 1081 836 senatus
1101 787 1128 835 et
1145 800 1205 853 pop.
1226 786 1327 837 maiore
1346 800 1392 838 sua

467 871 582 917 mamra,
619 869 678 907 uam
708 869 773 905 aue
827 868 869 904 um
907 869 940 905 a.

502 870 616 978 Praetoil
628 925 743 977 urbanus
762 924 794 975 hl.
812 868 940 976 Aemilius
959 923 1084 992 Lepidus,
1108 926 1247 994 peregrino
1267 941 1390 997 proroga·
1457 972 1460 977 .

467 1000 509 1049 tur
528 997 663 1064 imperium
683 1009 751 1047 noro
769 1009 849 1046 more.
1396 1062 1401 1065 A

250 1074 301 1130 142
351 1071 403 1125 612
441 1067 500 1121 Cos.
521 1069 553 1118 L.
576 1068 697 1118 Caecilius
717 1066 834 1117 Metellus
855 1065 956 1128 Calvus,
987 1063 1017 1124 Q.
1037 1067 1130 1117 Fabius
1147 1067 1220 1118 Mar.
1239 1067 1390 1129 Seruiliae)

468 1137 498 1202 Q.
517 1138 615 1189 Fabius
640 1129 695 1188 eosJ
715 1137 789 1198 (nam
808 1137 873 1188 alter
892 1149 946 1188 cas.
966 1130 1068 1187 ltaliam
1087 1140 1113 1188 et
1132 1136 1244 1189 Galliam
1265 1137 1392 1199 habehat)

467 1224 562 1277 magno
587 1222 645 1259 cum
669 1208 786 1259 exercitu
810 1206 866 1259 adr.
880 1206 1027 1258 Viriathum
1044 1207 1190 1274 proiectus,
1215 1208 1280 1260 nihil
1307 1212 1392 1262 tameh

466 1278 633 1331 memorabile
653 1278 729 1345 gerit,
749 1291 832 1344 nequa
851 1276 924 1328 illum
943 1278 970 1328 in
988 1276 1152 1329 Lusitaniam
1170 1279 1313 1331 abeuntem
1334 1295 1391 1332 cao·

473 1350 547 1417 sequi
559 1352 655 1416 potest.
684 1347 728 1410 (L.
741 1347 866 1411 Fannius,
885 1362 964 1415 gener
978 1347 1007 1400 Ο.
1020 1348 1112 1413 Laelii,
1131 1349 1190 1401 trib.
1204 1349 1271 1412 mil.)
1302 1348 1333 1412 Q.
1343 1348 1391 1402 lle·

469 1420 546 1473 tellus
566 1432 667 1486 procos.
687 1419 714 1470 in
732 1419 852 1470 citeriore
871 1433 943 1485 prov.
957 1416 1147 1472 Celtiberorum
1166 1421 1268 1473 animas
1285 1420 1391 1490 frangit,

468 1491 606 1545 severitate
624 1490 721 1557 pariter
739 1493 765 1540 et
783 1490 921 1541 clementia
939 1489 1033 1541 clarus.
1069 1489 1310 1560 Pseudophilippus
1329 1491 1391 1544 alter

466 1564 494 1614 in
511 1560 695 1612 Macedonica
713 1559 743 1611 L.
763 1559 902 1612 Tremellio
921 1559 1014 1612 Scrofa
1031 1565 1132 1628 quaest.
1156 1563 1284 1629 praetoris
1305 1562 1337 1615 A.
1350 1563 1391 1615 Li·

466 1632 530 1685 cinii
547 1632 648 1684 Nervae
665 1631 825 1698 opprimitur.

503 1702 581 1755 Ceus.
600 1703 629 1754 P.
650 1702 738 1769 Scipio
757 1701 905 1766 Africanus,
928 1700 958 1753 L.
977 1702 1126 1767 Mummius,
1150 1718 1198 1756 nec
1216 1704 1326 1772 ingenia
1346 1719 1390 1756 nee

439 1804 442 1807 ·
465 1775 581 1826 maribus
600 1774 784 1825 convenientes
805 1772 892 1834 (lustr.
912 1771 972 1833 57).

253 1849 301 1901 141
351 1846 403 1899 613
431 1845 500 1897 ¹(los.
523 1845 566 1896 Cn.
585 1844 707 1894 Seruilius
727 1844 826 1909 Caepio,
849 1842 878 1901 Q.
897 1843 1035 1909 Pompeias,
1058 1843 1135 1896 homa
1154 1858 1236 1896 novus
1257 1843 1286 1897 (l.
1303 1844 1389 1897 Laelio

466 1914 568 1968 deiecto
588 1929 642 1967 eos.
660 1913 765 1974 factus.)
794 1913 823 1976 Q.
842 1913 940 1966 Fabius
953 1913 1115 1966 Seruilianus
1126 1916 1155 1966 in
1167 1915 1315 1979 Lusitania,
1334 1931 1389 1983 pro

466 2002 523 2054 rog.
546 1987 608 2054 imp.
632 1985 708 2036 initio
727 1998 851 2052 prospere
869 2000 924 2036 rem
943 1985 1018 2052 gerit,
1043 1985 1091 2036 sed
1114 1985 1173 2036 dum
1193 1985 1332 2038 Erisauam
1350 2003 1388 2038 ur-
1484 2012 1485 2057 p

466 2057 526 2109 bem
544 2059 690 2123 oppugnat,
714 2055 831 2107 Viriatho
856 2058 1006 2122 erumpente
1029 2056 1055 2107 in
1080 2057 1214 2124 angustias
1237 2058 1388 2126 compulsus

466 2142 559 2196 pacem
578 2142 636 2179 cum
655 2141 686 2178 eo
704 2127 795 2192 aequis
814 2126 1012 2181 condicionibus
1031 2125 1101 2178 facit.
1131 2126 1161 2189 Q.
1174 2127 1317 2196 Pompeius
1337 2143 1388 2181 cos.
1484 2128 1485 2197 Ῐ

465 2198 543 2261 (alter
561 2212 615 2249 cos.
634 2196 736 2248 Italiam
755 2200 781 2247 et
799 2195 912 2249 Galliam
930 2195 1053 2257 habebat)
1073 2213 1132 2249 cum
1152 2199 1302 2250 citeriorem
1316 2199 1387 2267 llisp.

468 2285 484 2319 a
503 2267 532 2330 Q.
551 2267 655 2319 Metello
673 2282 756 2334 paene
775 2267 909 2319 subactam
928 2268 1087 2335 accepisset,
1111 2268 1208 2320 bellum
1226 2273 1320 2321 contra
1339 2270 1387 2321 llu-

467 2339 596 2391 mantinos
613 2340 640 2389 et
649 2337 835 2401 Termestinos,
853 2340 924 2389 arma
931 2338 1034 2389 tradere
1044 2338 1171 2403 nolentes,
1189 2354 1273 2404 orsus,
1296 2344 1388 2392 utram·

469 2425 518 2477 que
536 2409 627 2461 urbem
650 2408 747 2460 frustra
765 2409 874 2461 obsidet.
900 2434 935 2443 -
959 2409 988 2460 P.
1007 2408 1108 2461 Mucius
1127 2410 1255 2462 Scaevola
1272 2412 1334 2464 trib.
1355 2411 1386 2479 pl.
1484 2446 1485 2455 ι

467 2480 498 2532 In
520 2480 699 2532 Macedoniam
728 2479 846 2531 succedit
868 2479 899 2538 D.
923 2479 1013 2532 Iunius
1038 2479 1143 2532 Silanus
1168 2481 1315 2534 Manlianus
1342 2498 1386 2549 pr,

444 2548 448 2553 ’
469 2552 514 2618 qui
530 2549 732 2618 repetundarum
751 2553 888 2602 accusatus
907 2566 922 2601 a
939 2552 1014 2618 patre
1032 2551 1145 2602 naturali
1164 2551 1194 2603 Τ.
1214 2552 1312 2605 llanlio
1326 2553 1404 2605 'lars

467 2624 545 2688 quatu
564 2621 671 2688 punitur
690 2621 761 2682 (Liv.
782 2637 821 2688 ep.
841 2619 900 2683 54).

251 2696 302 2749 140
350 2694 402 2746 614
439 2691 499 2744 (los.
522 2692 549 2743 C.
567 2691 672 2743 Laelius
689 2692 805 2757 Sapiens,
830 2691 859 2750 Q.
878 2691 1000 2743 Seruilius
1021 2690 1136 2757 Caepio.)
1172 2691 1213 2743 Ex
1230 2692 1265 2745 iis
1284 2692 1386 2746 Laelius

466 2761 558 2814 Italiae
576 2766 692 2831 praeest,
719 2762 748 2825 Q.
769 2762 895 2814 Servilius
918 2778 1010 2830 pacem
1033 2778 1049 2815 a
1071 2762 1150 2814 tratre
1169 2778 1217 2816 suo
1235 2779 1297 2816 cum
1316 2765 1387 2817 Lusi·

466 2834 534 2886 tanis
557 2832 652 2886 factm
679 2833 818 2896 rescindit,
844 2835 869 2884 et
888 2832 1048 2897 Viriathum,
1073 2849 1132 2885 cnm
1150 2833 1183 2885 ad
1206 2848 1298 2887 omnes
1317 2836 1386 2903 pacis
1485 2872 1486 2879 .

468 2904 649 2968 condiciones,
672 2904 749 2955 modo
773 2919 805 2955 ne
830 2919 901 2955 arma
918 2904 1038 2956 Lusitani
1058 2904 1203 2975 traderent,
1229 2904 1386 2959 descendere

468 2976 555 3039 vellet,
574 2975 641 3027 clam
658 2990 706 3044 per
723 2974 869 3042 proditores
888 2975 1079 3038 inteficiendum
1097 2986 1176 3026 curat.
1209 2973 1238 3038 Q.
1249 2976 1386 3046 Pompeius

467 3058 570 3114 procos.
594 3042 722 3098 citerioris
742 3045 851 3112 Hispan.
875 3044 1079 3110 aNamaorim's,
1103 3061 1169 3113 quos
1193 3045 1291 3101 trustra
1316 3049 1386 3101 obse·

468 3117 549 3180 derat,
569 3116 600 3168 ad
618 3112 711 3183 pacem
729 3115 875 3169 faciendam
894 3116 1015 3185 adigitur.
1092 3112 1097 3117 ’

467 3259 478 3307 t
502 3187 630 3306 blasciturt
644 3186 674 3237 L.
692 3185 941 3239 Licinius-Crassus
961 3188 1055 3252 orator,
1077 3187 1192 3240 triennio
1210 3191 1272 3275 pnte
1289 3188 1325 3242 hl.
1337 3188 1385 3242 An·

480 3270 554 3308 onius
574 3270 619 3307 ora
631 3271 668 3307 or.

251 3328 301 3380 139
349 3325 401 3380 615
438 3325 498 3378 Cos.
519 3327 562 3378 Cn.
585 3325 732 3392 Calpurnius
750 3327 817 3391 Piso,
835 3327 1010 3394 MPopillius
1021 3322 1166 3390 Laenaa').
1197 3327 1227 3392 Q
1240 3328 1385 3398 Pompeius,

469 3411 529 3447 cum
548 3411 686 3448 successor
703 3398 736 3448 Μ.
756 3397 848 3464 Popill.
869 3399 1000 3462 venisset,
1024 3414 1116 3466 pacem
1140 3414 1169 3452 se
1187 3399 1283 3452 iecisse
1302 3405 1385 3469 negat,

468 3482 552 3534 nequa
564 3466 716 3519 Numantini
728 3468 826 3520 Romae
844 3469 885 3553 ius
904 3484 980 3545 suum
999 3469 1124 3523 obtinent
1156 3470 1217 3539 lpse
1229 3470 1330 3525 Romae
1347 3488 1385 3525 ac·

233 3600 433 3609 ‚.--—0——-.-—-

302 3676 330 3741 *)
357 3679 438 3727 Etiam
456 3680 613 3727 hiconsnles
632 3679 703 3726 ambo
722 3679 844 3740 explebe
863 3682 949 3739 creati,
974 3681 1039 3741 quod
1057 3695 1113 3729 cum
1130 3682 1176 3729 hac
1194 3688 1274 3730 aetate
1293 3688 1319 3731 et
1336 3697 1385 3732 sae·

231 3751 329 3809 pissime
346 3752 396 3811 fiat,
415 3758 440 3798 et
457 3752 488 3798 ab
507 3751 567 3811 ipsis
583 3750 699 3797 Romanis
717 3756 833 3810 tanquam
850 3766 888 3798 res
906 3751 998 3799 nullius
1016 3752 1131 3799 momenti
1149 3754 1296 3815 negligatur,
1316 3769 1385 3816 porro

232 3826 348 3867 annotare
365 3823 582 3879 supersedebimus.
609 3821 730 3868 Nimirum
749 3823 877 3868 discrimen
895 3823 1003 3883 gentium
1022 3824 1180 3881 patriciarum
1197 3839 1226 3871 aa
1239 3825 1385 3884 plebeiamm

231 3891 281 3936 iam
300 3891 394 3951 pridem
412 3893 446 3937 ita
464 3894 611 3951 exoleverat,
630 3898 658 3939 ut
674 3893 737 3939 nihil
756 3899 819 3940 esset
840 3894 865 3938 in
882 3907 942 3954 rep,
962 3895 1028 3953 quod
1046 3894 1135 3954 plebeii
1153 3897 1205 3941 iure
1224 3898 1321 3956 assequi
1339 3911 1386 3943 non

232 3968 342 4021 possent:
361 3965 408 4011 hoc
426 3967 519 4009 tantum
538 3969 647 4011 vetustae
665 3963 789 4025 religionis
802 3978 875 4010 causa
887 3964 1037 4028 servabatur,
1057 3971 1085 4012 ut
1097 3966 1228 4026 interreges
1241 3972 1266 4014 et
1278 3967 1386 4014 flamines

231 4033 401 4079 maiores-non
418 4039 560 4092 caperentur
576 4035 624 4082 nisi
643 4049 675 4081 ex
692 4035 810 4093 patriciis.
837 4033 875 4081 cf.
895 4033 947 4082 Oia.
967 4037 996 4081 dc
1016 4036 1080 4083 dom.
1100 4038 1141 4083 88.
1160 4037 1214 4083 Liv.
1225 4039 1250 4095 4,
1265 4038 1307 4085 54.
1336 4038 1385 4084 Iam

231 4117 288 4150 vero
306 4104 372 4150 alind
391 4104 526 4164 discrimen,
545 4111 573 4151 ut
590 4107 625 4163 fit,
645 4111 723 4151 ortum
742 4111 794 4153 erat
811 4107 874 4152 inter
891 4106 1000 4153 homines
1017 4106 1108 4153 nobiles
1125 4112 1150 4153 et
1163 4108 1290 4167 ignobiles,
1310 4121 1385 4169 nequa

231 4175 324 4221 minore
341 4174 461 4221 industria
479 4189 539 4234 opus
557 4182 609 4221 erat
626 4190 738 4221 uovorum
757 4178 883 4223 hominum
901 4179 931 4223 ad
949 4177 1110 4236 effringendas
1122 4178 1259 4225 nobilitatis
1272 4192 1384 4236 carceres,

232 4245 320 4303 quibus
338 4246 478 4293 consulatus
495 4247 670 4304 circumseptus
688 4248 826 4305 tenebatur,
850 4261 923 4306 quam
947 4248 1005 4294 olim
1024 4248 1212 4296 fortissimorum
1229 4249 1327 4297 illorum
1345 4250 1385 4296 tri·

232 4316 359 4373 hunorum,
381 4319 423 4374 qui
441 4317 520 4377 plebis
539 4317 592 4362 iura
610 4317 773 4364 defenderant.
810 4317 858 4366 Sed
876 4321 936 4365 haec
955 4320 981 4365 in
999 4319 1101 4377 singulis
1119 4319 1266 4366 hominibus.
1303 4320 1384 4379 Longe

232 4388 342 4445 graviora
359 4389 442 4435 eadem
461 4389 510 4434 fere
528 4392 637 4447 tempore
648 4389 779 4435 certamina
795 4390 943 4447 optimatium
959 4403 989 4436 ac
1000 4388 1157 4448 popularium
1174 4391 1316 4450 extiterunt,
1334 4390 1384 4452 qni·

232 4457 278 4504 bus
294 4458 346 4517 ipse
364 4464 441 4505 status
458 4461 518 4519 reip.
537 4461 691 4506 vehementer
708 4473 845 4519 concussus,
865 4465 890 4510 et
907 4462 939 4508 ad
957 4465 1092 4508 extremum
1110 4461 1279 4520 pessumdatus
1297 4468 1341 4511 ast
