3062 5064
204 451 236 496 lv
734 433 864 485 Praefatio.

204 616 347 682 diocrem
376 610 522 680 Graecae
544 609 747 693 Latinaeque
775 609 907 698 linguae
935 608 1104 674 scientiam
1130 607 1366 694 percepissent,

204 729 345 785 veterem
366 716 535 783 historiam
557 722 714 800 perpetua
736 713 930 800 optimorum
957 721 1125 778 auctorum
1153 711 1292 777 lectione
1314 710 1367 775 di-

207 831 347 904 scerent,
369 822 457 886 hunc
478 818 597 883 librum
614 838 806 904 componere
826 839 999 905 aggressus
1015 839 1097 898 sum,
1120 838 1184 901 quo
1201 815 1283 881 duce
1298 816 1367 901 pri·

204 936 351 992 vatorum
374 922 554 989 studiorum
575 932 752 989 uterentur.
803 921 893 987 Nam
915 920 957 985 ad
979 920 1128 1007 publicae
1151 919 1388 985 institutionis-

203 1052 315 1109 usum,
344 1027 556 1093 scholasticae
579 1026 710 1112 quidem
733 1036 838 1109 certe,
865 1026 916 1089 vel
940 1023 1073 1090 dimidia
1094 1046 1168 1109 pars
1191 1023 1286 1088 huius
1309 1044 1366 1086 co-

203 1133 276 1219 piae
299 1130 491 1213 suffecisset,
515 1152 588 1195 cum
611 1131 674 1195 aha
695 1129 808 1211 multa,
831 1151 913 1212 quae
929 1128 1155 1215 magistrorum
1172 1127 1365 1216 disputatio-

203 1235 299 1301 nibus
322 1232 533 1318 reliuquenda
555 1233 721 1320 putabam,
744 1232 884 1298 adiicere
907 1232 1092 1297 noluissem.

292 1338 360 1403 Hic
374 1361 438 1401 nou
454 1337 722 1421 commemorabo,
745 1345 900 1422 quantum
914 1334 1057 1400 laborem
1074 1334 1286 1417 exhauserim,
1308 1357 1364 1400 ve-

203 1453 309 1508 terum
332 1449 499 1506 auctorum
522 1440 694 1506 lectionem
721 1451 870 1528 repetens
898 1449 931 1504 et
954 1462 993 1503 ex
1015 1441 1094 1526 ipsis
1117 1440 1269 1505 historiae
1291 1438 1364 1503 fou-

203 1547 307 1628 tibus,
338 1566 548 1631 quaecuuque
572 1545 645 1610 usui
666 1545 869 1626 viderentur,
898 1543 1070 1630 colligens:
1099 1566 1174 1608 nam
1197 1544 1250 1607 ille
1272 1542 1364 1607 labor

204 1661 237 1716 et
258 1652 330 1736 ipsa
351 1672 458 1715 rerum
474 1649 633 1714 suavitate
651 1648 930 1735 compensabatur,
954 1659 986 1711 et
1002 1645 1129 1711 abunde
1145 1671 1196 1712 me
1212 1648 1281 1712 eius
1296 1647 1364 1710 fru-

204 1765 293 1821 ctum
313 1753 496 1841 percepisse
519 1752 721 1835 existimabo,
744 1754 772 1818 si
794 1751 874 1837 quid
896 1751 1058 1816 communi
1081 1751 1212 1816 utilitati
1234 1749 1363 1836 profue-

202 1860 280 1924 rim:
302 1856 479 1943 profitebor
500 1857 620 1942 potius,
649 1880 780 1942 operam
802 1879 906 1920 meam
929 1877 1125 1942 magnopere
1147 1853 1361 1919 recentiorum

203 1964 397 2049 scriptorum
420 1958 589 2046 diligentia
610 1960 781 2025 allevatam
804 1981 886 2040 esse,
910 1980 983 2022 cum
1007 1958 1243 2023 commentariis
1260 1955 1362 2021 edito-

202 2089 286 2146 rum,
308 2073 378 2128 tum
394 2063 465 2127 aliis
480 2062 583 2144 libris,
606 2064 762 2148 imprimis
777 2061 942 2128 Dodwelli
956 2061 1126 2128 annalibus
1140 2058 1361 2148 Thucydideis

204 2177 237 2233 et
258 2167 524 2253 Xenophonteis,
553 2162 697 2231 Clintoni
719 2166 811 2230 fastis
826 2165 1033 2255 'Helleniois,
1060 2166 1170 2254 Pighii
1192 2164 1361 2230 annalibus

203 2271 370 2353 Romanis,
392 2270 563 2357 Borghesii
579 2270 768 2355 fragmentis
785 2267 987 2355 Capitolinis,
1001 2269 1116 2334 Bachii
1131 2270 1267 2336 historia
1281 2267 1361 2333 iuris

203 2375 357 2458 Romani,
386 2374 452 2441 Iao.
477 2372 672 2440 Gothofredi
700 2373 909 2460 chronologia
937 2374 1046 2460 legum
1069 2373 1288 2440 Theodosiani
1308 2393 1361 2436 co-

204 2478 297 2561 dicis,
320 2479 518 2544 Tillemontii
541 2477 676 2542 historia
698 2478 938 2563 imperatorum,
968 2477 1051 2559 aliis,
1075 2477 1192 2563 quibus
1215 2479 1262 2542 ita
1283 2498 1361 2541 usus
1485 2523 1489 2530 -

203 2605 286 2664 sum,
308 2590 345 2646 ut
366 2581 522 2647 iudicium
544 2592 653 2647 tamen
675 2604 782 2646 meum
798 2582 876 2646 mihi
892 2579 1091 2665 sequendum
1106 2590 1263 2667 putarem.
1298 2580 1362 2646 Fa-

204 2694 272 2751 stos
297 2686 481 2751 consulares
505 2708 602 2770 quam
624 2687 716 2770 potui
739 2684 1017 2750 emendatissimos
1041 2683 1159 2749 adieci:
1189 2686 1252 2750 nisi
1274 2682 1363 2770 quod

179 2828 181 2831 v
204 2789 415 2855 suffectorum
443 2788 626 2855 nominibus
655 2789 723 2854 fere
746 2790 894 2875 peperci,
922 2797 955 2852 et
982 2811 1041 2873 pro
1064 2788 1202 2855 tribunis
1225 2790 1363 2855 militum

203 2895 365 2960 consultui
379 2903 540 2980 potestate
554 2894 644 2958 locos
658 2892 826 2976 Livianus,
848 2891 904 2956 ubi
919 2893 1082 2979 leguntur,
1101 2892 1242 2961 laudavi.
1274 2893 1363 2958 Ean·

203 2997 277 3064 dem
300 2999 425 3085 copiam
448 2999 651 3063 notationum
675 2997 975 3083 chronologicarum
997 2998 1107 3063 nescio
1130 3021 1171 3062 an
1195 2996 1362 3063 debuerim

202 3103 340 3168 fortasse
371 3104 468 3168 etiam
494 3110 643 3187 expetore
671 3102 705 3165 in
727 3100 975 3166 Atheniensium
1004 3101 1214 3168 archontibus
1238 3099 1360 3167 ἐπωνύ-

201 3230 286 3290 μοις,
309 3204 367 3270 sed
388 3215 612 3292 praeterquam
636 3203 724 3288 quod
746 3226 856 3267 eorum
879 3206 983 3276 series,
1001 3228 1097 3292 saepe
1117 3206 1362 3291 interrumpitur

202 3330 264 3373 nec
286 3307 326 3373 de
348 3307 532 3374 nominibus
556 3331 666 3372 eorum
688 3308 767 3372 satis
790 3306 911 3392 ubique
935 3318 1082 3393 constat,
1108 3310 1205 3376 huius
1228 3291 1274 3375 rei
1298 3310 1360 3375 uti·

201 3411 325 3476 litatem
354 3411 397 3477 ad
424 3434 546 3498 paucos
574 3409 725 3476 ridebam
756 3412 934 3497 pertinere,
967 3414 1021 3497 qui
1053 3436 1125 3479 cum
1156 3412 1360 3501 diligentiore

202 3513 310 3580 studio
339 3537 408 3580 eam
432 3516 659 3602 chronologiae
688 3525 813 3601 partem
837 3537 1033 3602 cognoscere
1055 3517 1197 3600 vellent,
1221 3540 1295 3583 cum
1318 3517 1361 3583 ad

202 3618 282 3683 alios
304 3618 415 3701 libros,
441 3626 511 3684 tum
534 3619 576 3684 ad
600 3616 728 3686 Gorsini
753 3616 960 3703 Glintonique
982 3621 1084 3687 fastos
1109 3621 1360 3710 confugiendum

202 3720 265 3788 sibi
288 3745 358 3788 esse
380 3723 605 3811 intelligerent.
658 3722 726 3790 Sed
755 3722 877 3788 diutius
906 3724 1048 3791 incertus
1071 3749 1177 3810 eram,
1208 3727 1296 3813 quod
1318 3727 1360 3793 ad

201 3827 300 3892 totius
319 3827 395 3892 libri
417 3827 574 3892 rationem
596 3827 789 3913 pertinebat,
811 3836 919 3892 utrum
942 3829 1078 3917 singulis
1102 3832 1195 3897 annis
1213 3841 1245 3896 et
1259 3831 1357 3898 rebus

200 3932 385 3998 memoratis
408 3939 575 3996 auctorum
604 3932 694 3997 locos
716 3928 926 4014 subiicerem,
955 3932 1040 3997 unde
1064 3934 1225 4020 eopiosior
1249 3957 1359 4001 earum

200 4057 307 4099 rerum
329 4036 483 4101 memoria
502 4044 677 4122 peteretur,
699 4058 740 4098 an
762 4035 841 4100 satis
864 4035 1027 4119 haberem,
1048 4039 1136 4124 ipsas
1152 4061 1215 4120 res,
1238 4047 1360 4123 quauta

200 4137 265 4203 fide
292 4161 422 4224 possem
449 4140 604 4223 maxima,
632 4136 811 4204 ostendere.
846 4137 1008 4205 Videbam
1037 4142 1123 4207 enim
1150 4150 1247 4227 atque
1276 4140 1358 4207 adeo

201 4240 372 4328 sperabam
393 4243 512 4308 multos
534 4242 615 4325 fore,
639 4243 694 4327 qui
709 4242 781 4327 ipsa
795 4250 964 4308 auctorum
978 4243 1078 4311 verba
1091 4245 1199 4334 legere
1214 4245 1358 4328 mallent,

200 4367 335 4431 eamque
363 4368 431 4410 rem
454 4345 532 4411 mihi
559 4367 685 4430 quoque
707 4344 821 4410 honori
843 4345 912 4410 fore
935 4347 1158 4416 existimabam
1181 4348 1269 4435 apud
1291 4373 1357 4434 eos,

201 4449 257 4534 qui
278 4448 472 4535 scriptorum
502 4457 535 4512 et
562 4446 763 4537 diligentiam
791 4457 825 4513 et
853 4448 1033 4517 doctrinam
1055 4474 1189 4519 numero
1210 4453 1357 4521 laudato·
