<?xml version="1.0" encoding="UTF-8"?>
<!DOCTYPE html PUBLIC "-//W3C//DTD XHTML 1.0 Transitional//EN"
    "http://www.w3.org/TR/xhtml1/DTD/xhtml1-transitional.dtd">
<html xmlns="http://www.w3.org/1999/xhtml" xml:lang="en" lang="en">
 <head>
  <title>
</title>
<meta http-equiv="Content-Type" content="text/html;charset=utf-8" />
  <meta name='ocr-system' content='tesseract 3.04.00' />
  <meta name='ocr-capabilities' content='ocr_page ocr_carea ocr_par ocr_line ocrx_word'/>
</head>
<body>
  <div class='ocr_page' id='page_1' title='image "annalesveterumr01zumpgoog_0056.png"; bbox 0 0 3062 5064; ppageno 0'>
   <div class='ocr_carea' id='block_1_1' title="bbox 465 401 1281 479">
    <p class='ocr_par' dir='ltr' id='par_1_1' title="bbox 465 401 1281 479">
     <span class='ocr_line' id='line_1_1' title="bbox 465 401 1281 479; baseline 0.01 -29"><span class='ocrx_word' id='word_1_1' title='bbox 465 401 552 450; x_wconf 83' lang='lat' dir='ltr'><strong>Graeci</strong></span> <span class='ocrx_word' id='word_1_2' title='bbox 571 418 648 464; x_wconf 66' lang='grc'><strong>11111111</strong></span> <span class='ocrx_word' id='word_1_3' title='bbox 665 405 699 452; x_wconf 81' lang='lat' dir='ltr'><strong>atl</strong></span> <span class='ocrx_word' id='word_1_4' title='bbox 716 404 942 453; x_wconf 75' lang='grc'><strong>11111991110111.</strong></span> <span class='ocrx_word' id='word_1_5' title='bbox 990 476 992 479; x_wconf 22' lang='grc' dir='ltr'>Ι</span> <span class='ocrx_word' id='word_1_6' title='bbox 1244 403 1281 458; x_wconf 70' lang='lat'><strong>&#39;27</strong></span> 
     </span>
    </p>
   </div>
   <div class='ocr_carea' id='block_1_2' title="bbox 117 581 1281 703">
    <p class='ocr_par' dir='ltr' id='par_1_2' title="bbox 117 581 1281 703">
     <span class='ocr_line' id='line_1_2' title="bbox 117 581 1281 703; baseline -0.056 -16"><span class='ocrx_word' id='word_1_7' title='bbox 117 631 277 686; x_wconf 78' lang='lat' dir='ltr'><strong>Alcibiades</strong></span> <span class='ocrx_word' id='word_1_8' title='bbox 295 632 417 683; x_wconf 79' lang='lat' dir='ltr'><strong>maximis</strong></span> <span class='ocrx_word' id='word_1_9' title='bbox 435 631 514 683; x_wconf 89' lang='lat' dir='ltr'><strong>rebus</strong></span> <span class='ocrx_word' id='word_1_10' title='bbox 533 591 623 700; x_wconf 79' lang='lat' dir='ltr'><strong>gestis</strong></span> <span class='ocrx_word' id='word_1_11' title='bbox 634 630 751 686; x_wconf 76' lang='lat' dir='ltr'><strong>Athenas</strong></span> <span class='ocrx_word' id='word_1_12' title='bbox 768 649 899 699; x_wconf 79' lang='grc'><strong>11111111,</strong></span> <span class='ocrx_word' id='word_1_13' title='bbox 916 636 1018 703; x_wconf 79' lang='lat' dir='ltr'><strong>ingenti</strong></span> <span class='ocrx_word' id='word_1_14' title='bbox 1033 649 1080 702; x_wconf 46' lang='lat' dir='ltr'><strong>po·</strong></span> <span class='ocrx_word' id='word_1_15' title='bbox 1100 581 1177 621; x_wconf 65' lang='lat' dir='ltr'><strong>ecnr,</strong></span> <span class='ocrx_word' id='word_1_16' title='bbox 1193 582 1281 633; x_wconf 74' lang='lat' dir='ltr'><strong>olymp.</strong></span> 
     </span>
    </p>
   </div>
   <div class='ocr_carea' id='block_1_3' title="bbox 69 702 1272 2660">
    <p class='ocr_par' dir='ltr' id='par_1_3' title="bbox 119 702 1166 841">
     <span class='ocr_line' id='line_1_3' title="bbox 157 702 1166 770; baseline 0.004 -16"><span class='ocrx_word' id='word_1_17' title='bbox 157 703 216 770; x_wconf 89' lang='lat' dir='ltr'><strong>puli</strong></span> <span class='ocrx_word' id='word_1_18' title='bbox 233 702 336 753; x_wconf 89' lang='lat' dir='ltr'><strong>laetitia</strong></span> <span class='ocrx_word' id='word_1_19' title='bbox 355 703 483 770; x_wconf 74' lang='lat' dir='ltr'>excipitur</span> <span class='ocrx_word' id='word_1_20' title='bbox 1112 705 1166 759; x_wconf 84' lang='grc'><strong>403</strong></span> 
     </span>
     <span class='ocr_line' id='line_1_4' title="bbox 119 772 1080 841; baseline -0.001 -14"><span class='ocrx_word' id='word_1_21' title='bbox 119 774 178 828; x_wconf 84' lang='lat' dir='ltr'><strong>Sed</strong></span> <span class='ocrx_word' id='word_1_22' title='bbox 195 772 302 825; x_wconf 80' lang='lat' dir='ltr'>interim</span> <span class='ocrx_word' id='word_1_23' title='bbox 320 772 520 824; x_wconf 88' lang='lat' dir='ltr'><strong>Lacedaemonii</strong></span> <span class='ocrx_word' id='word_1_24' title='bbox 537 773 692 839; x_wconf 73' lang='lat' dir='ltr'><strong><em>Lysandrum</em></strong></span> <span class='ocrx_word' id='word_1_25' title='bbox 711 773 790 826; x_wconf 79' lang='lat' dir='ltr'>classi</span> <span class='ocrx_word' id='word_1_26' title='bbox 809 774 995 841; x_wconf 78' lang='lat' dir='ltr'><strong>praefecerant,</strong></span> <span class='ocrx_word' id='word_1_27' title='bbox 1018 776 1080 826; x_wconf 90' lang='lat' dir='ltr'><strong>ami·</strong></span> 
     </span>
    </p>

    <p class='ocr_par' dir='ltr' id='par_1_4' title="bbox 160 842 1081 909">
     <span class='ocr_line' id='line_1_5' title="bbox 160 842 1081 909; baseline 0.002 -13"><span class='ocrx_word' id='word_1_28' title='bbox 160 845 224 896; x_wconf 77' lang='grc'><strong>11111</strong></span> <span class='ocrx_word' id='word_1_29' title='bbox 250 843 310 909; x_wconf 78' lang='lat' dir='ltr'><strong>Cyri</strong></span> <span class='ocrx_word' id='word_1_30' title='bbox 332 842 461 905; x_wconf 77' lang='grc' dir='ltr'><strong>(11111111νί1)</strong></span> <span class='ocrx_word' id='word_1_31' title='bbox 485 843 627 899; x_wconf 80' lang='lat' dir='ltr'><strong>valentem:</strong></span> <span class='ocrx_word' id='word_1_32' title='bbox 656 845 680 896; x_wconf 90' lang='lat' dir='ltr'><strong>is</strong></span> <span class='ocrx_word' id='word_1_33' title='bbox 698 844 897 897; x_wconf 81' lang='lat' dir='ltr'><strong>Atheniensium</strong></span> <span class='ocrx_word' id='word_1_34' title='bbox 920 846 1032 897; x_wconf 88' lang='lat' dir='ltr'><strong>classem</strong></span> <span class='ocrx_word' id='word_1_35' title='bbox 1055 849 1081 898; x_wconf 90' lang='lat' dir='ltr'><strong>et</strong></span> 
     </span>
    </p>

    <p class='ocr_par' dir='ltr' id='par_1_5' title="bbox 159 912 1080 983">
     <span class='ocr_line' id='line_1_6' title="bbox 159 912 1080 983; baseline 0.001 -17"><span class='ocrx_word' id='word_1_36' title='bbox 159 915 307 966; x_wconf 76' lang='lat' dir='ltr'><strong>Antiochum</strong></span> <span class='ocrx_word' id='word_1_37' title='bbox 320 912 488 980; x_wconf 81' lang='lat' dir='ltr'><strong>praefectum,</strong></span> <span class='ocrx_word' id='word_1_38' title='bbox 508 929 566 965; x_wconf 88' lang='lat' dir='ltr'><strong>cum</strong></span> <span class='ocrx_word' id='word_1_39' title='bbox 577 914 727 967; x_wconf 77' lang='lat' dir='ltr'><strong>Alcibiades</strong></span> <span class='ocrx_word' id='word_1_40' title='bbox 739 915 805 967; x_wconf 87' lang='lat' dir='ltr'><strong>forte</strong></span> <span class='ocrx_word' id='word_1_41' title='bbox 820 915 932 978; x_wconf 90' lang='lat' dir='ltr'><strong>abesset,</strong></span> <span class='ocrx_word' id='word_1_42' title='bbox 951 916 984 967; x_wconf 91' lang='lat' dir='ltr'><strong>ad</strong></span> <span class='ocrx_word' id='word_1_43' title='bbox 996 916 1080 983; x_wconf 84' lang='lat' dir='ltr'><strong>Ephe·</strong></span> 
     </span>
    </p>

    <p class='ocr_par' dir='ltr' id='par_1_6' title="bbox 161 984 1079 1053">
     <span class='ocr_line' id='line_1_7' title="bbox 161 984 1079 1053; baseline 0.002 -16"><span class='ocrx_word' id='word_1_44' title='bbox 161 1001 220 1037; x_wconf 90' lang='lat' dir='ltr'><strong>sum</strong></span> <span class='ocrx_word' id='word_1_45' title='bbox 237 985 329 1047; x_wconf 79' lang='lat' dir='ltr'><strong>uincit,</strong></span> <span class='ocrx_word' id='word_1_46' title='bbox 349 984 426 1050; x_wconf 91' lang='lat' dir='ltr'><strong>culpa</strong></span> <span class='ocrx_word' id='word_1_47' title='bbox 443 985 471 1035; x_wconf 93' lang='lat' dir='ltr'><strong>in</strong></span> <span class='ocrx_word' id='word_1_48' title='bbox 483 984 567 1036; x_wconf 87' lang='lat' dir='ltr'><strong>Alcib.</strong></span> <span class='ocrx_word' id='word_1_49' title='bbox 587 985 727 1048; x_wconf 84' lang='lat' dir='ltr'><strong>confertur,</strong></span> <span class='ocrx_word' id='word_1_50' title='bbox 744 987 881 1052; x_wconf 91' lang='lat' dir='ltr'><strong>imperium</strong></span> <span class='ocrx_word' id='word_1_51' title='bbox 894 987 919 1037; x_wconf 90' lang='lat' dir='ltr'><strong>ei</strong></span> <span class='ocrx_word' id='word_1_52' title='bbox 932 987 1079 1053; x_wconf 84' lang='lat' dir='ltr'><strong>abrogatur,</strong></span> 
     </span>
    </p>

    <p class='ocr_par' dir='ltr' id='par_1_7' title="bbox 125 1054 1269 1196">
     <span class='ocr_line' id='line_1_8' title="bbox 160 1054 1269 1122; baseline 0.001 -14"><span class='ocrx_word' id='word_1_53' title='bbox 160 1055 253 1108; x_wconf 89' lang='lat' dir='ltr'><strong>decem</strong></span> <span class='ocrx_word' id='word_1_54' title='bbox 272 1054 317 1105; x_wconf 92' lang='lat' dir='ltr'><strong>alii</strong></span> <span class='ocrx_word' id='word_1_55' title='bbox 335 1058 468 1122; x_wconf 85' lang='lat' dir='ltr'><strong>praetores</strong></span> <span class='ocrx_word' id='word_1_56' title='bbox 487 1056 632 1119; x_wconf 87' lang='lat' dir='ltr'><strong>mittuntur,</strong></span> <span class='ocrx_word' id='word_1_57' title='bbox 651 1057 719 1108; x_wconf 89' lang='lat' dir='ltr'><strong>inter</strong></span> <span class='ocrx_word' id='word_1_58' title='bbox 737 1071 802 1122; x_wconf 91' lang='lat' dir='ltr'><strong>quos</strong></span> <span class='ocrx_word' id='word_1_59' title='bbox 822 1055 913 1108; x_wconf 79' lang='lat' dir='ltr'><strong>Conon</strong></span> <span class='ocrx_word' id='word_1_60' title='bbox 931 1057 1038 1109; x_wconf 87' lang='lat' dir='ltr'><strong>excellit</strong></span> <span class='ocrx_word' id='word_1_61' title='bbox 1117 1056 1169 1109; x_wconf 84' lang='lat'><strong>407</strong></span> <span class='ocrx_word' id='word_1_62' title='bbox 1207 1055 1269 1109; x_wconf 82' lang='grc'><strong>939</strong></span> 
     </span>
     <span class='ocr_line' id='line_1_9' title="bbox 125 1124 1082 1196; baseline 0.001 -18"><span class='ocrx_word' id='word_1_63' title='bbox 125 1127 209 1179; x_wconf 78' lang='lat' dir='ltr'><strong>Conon</strong></span> <span class='ocrx_word' id='word_1_64' title='bbox 227 1126 255 1176; x_wconf 92' lang='lat' dir='ltr'><strong>in</strong></span> <span class='ocrx_word' id='word_1_65' title='bbox 275 1124 339 1175; x_wconf 90' lang='lat' dir='ltr'><strong>urbe</strong></span> <span class='ocrx_word' id='word_1_66' title='bbox 357 1125 481 1192; x_wconf 76' lang='lat' dir='ltr'><strong>Mytilene</strong></span> <span class='ocrx_word' id='word_1_67' title='bbox 501 1125 667 1178; x_wconf 89' lang='lat' dir='ltr'><strong>obsidetura</strong></span> <span class='ocrx_word' id='word_1_68' title='bbox 688 1127 866 1190; x_wconf 78' lang='lat' dir='ltr'><strong>Callicratide,</strong></span> <span class='ocrx_word' id='word_1_69' title='bbox 889 1128 933 1195; x_wconf 90' lang='lat' dir='ltr'><strong>qui</strong></span> <span class='ocrx_word' id='word_1_70' title='bbox 951 1131 1013 1194; x_wconf 89' lang='lat' dir='ltr'><strong>post</strong></span> <span class='ocrx_word' id='word_1_71' title='bbox 1029 1128 1082 1196; x_wconf 90' lang='lat' dir='ltr'><strong>Ly-</strong></span> 
     </span>
    </p>

    <p class='ocr_par' dir='ltr' id='par_1_8' title="bbox 69 1194 1270 1546">
     <span class='ocr_line' id='line_1_10' title="bbox 161 1194 1081 1264; baseline 0.003 -16"><span class='ocrx_word' id='word_1_72' title='bbox 161 1195 287 1249; x_wconf 88' lang='lat' dir='ltr'><strong>sandrum</strong></span> <span class='ocrx_word' id='word_1_73' title='bbox 306 1195 386 1247; x_wconf 82' lang='lat' dir='ltr'><strong>classi</strong></span> <span class='ocrx_word' id='word_1_74' title='bbox 403 1194 499 1247; x_wconf 87' lang='lat' dir='ltr'><strong>Laced.</strong></span> <span class='ocrx_word' id='word_1_75' title='bbox 518 1200 649 1263; x_wconf 74' lang='lat' dir='ltr'><strong>praestato</strong></span> <span class='ocrx_word' id='word_1_76' title='bbox 673 1197 801 1264; x_wconf 86' lang='lat' dir='ltr'><strong>adquam</strong></span> <span class='ocrx_word' id='word_1_77' title='bbox 820 1198 983 1250; x_wconf 90' lang='lat' dir='ltr'><strong>liberandum</strong></span> <span class='ocrx_word' id='word_1_78' title='bbox 1001 1214 1081 1251; x_wconf 86' lang='lat' dir='ltr'><strong>nares</strong></span> 
     </span>
     <span class='ocr_line' id='line_1_11' title="bbox 69 1264 1082 1325; baseline 0.002 -7"><span class='ocrx_word' id='word_1_79' title='bbox 69 1320 72 1325; x_wconf 69' lang='grc'>,</span> <span class='ocrx_word' id='word_1_80' title='bbox 162 1267 214 1318; x_wconf 90' lang='grc'><strong>110</strong></span> <span class='ocrx_word' id='word_1_81' title='bbox 238 1265 359 1318; x_wconf 85' lang='lat' dir='ltr'><strong>celeriter</strong></span> <span class='ocrx_word' id='word_1_82' title='bbox 376 1264 486 1317; x_wconf 89' lang='lat' dir='ltr'><strong>Athenis</strong></span> <span class='ocrx_word' id='word_1_83' title='bbox 511 1267 609 1318; x_wconf 82' lang='lat' dir='ltr'><strong>auxilio</strong></span> <span class='ocrx_word' id='word_1_84' title='bbox 632 1268 777 1319; x_wconf 88' lang='lat' dir='ltr'><strong>mittuntur.</strong></span> <span class='ocrx_word' id='word_1_85' title='bbox 816 1269 922 1321; x_wconf 87' lang='lat' dir='ltr'><strong>Summa</strong></span> <span class='ocrx_word' id='word_1_86' title='bbox 943 1270 970 1320; x_wconf 83' lang='lat' dir='ltr'><strong>ri</strong></span> <span class='ocrx_word' id='word_1_87' title='bbox 993 1268 1082 1320; x_wconf 81' lang='lat' dir='ltr'><strong>conili-</strong></span> 
     </span>
     <span class='ocr_line' id='line_1_12' title="bbox 160 1334 1082 1406; baseline 0.003 -18"><span class='ocrx_word' id='word_1_88' title='bbox 160 1339 231 1406; x_wconf 83' lang='lat' dir='ltr'><strong>gitur</strong></span> <span class='ocrx_word' id='word_1_89' title='bbox 256 1335 326 1403; x_wconf 90' lang='lat' dir='ltr'><strong>apud</strong></span> <span class='ocrx_word' id='word_1_90' title='bbox 343 1334 504 1403; x_wconf 83' lang='lat' dir='ltr'><strong>Arginussas</strong></span> <span class='ocrx_word' id='word_1_91' title='bbox 526 1338 641 1401; x_wconf 90' lang='lat' dir='ltr'><strong>insulas,</strong></span> <span class='ocrx_word' id='word_1_92' title='bbox 664 1340 733 1405; x_wconf 90' lang='lat' dir='ltr'><strong>perit</strong></span> <span class='ocrx_word' id='word_1_93' title='bbox 757 1339 951 1402; x_wconf 78' lang='lat' dir='ltr'><strong>Callicratidas,</strong></span> <span class='ocrx_word' id='word_1_94' title='bbox 974 1341 1082 1391; x_wconf 85' lang='lat' dir='ltr'><strong>vineunt</strong></span> 
     </span>
     <span class='ocr_line' id='line_1_13' title="bbox 96 1407 1270 1472; baseline 0.002 -13"><span class='ocrx_word' id='word_1_95' title='bbox 96 1466 99 1472; x_wconf 50' lang='grc'><strong>,</strong></span> <span class='ocrx_word' id='word_1_96' title='bbox 160 1408 336 1460; x_wconf 88' lang='lat' dir='ltr'><strong>Athenienses</strong></span> <span class='ocrx_word' id='word_1_97' title='bbox 1118 1408 1171 1461; x_wconf 88' lang='grc'><strong>406</strong></span> <span class='ocrx_word' id='word_1_98' title='bbox 1207 1407 1270 1461; x_wconf 89' lang='grc'><strong>933</strong></span> 
     </span>
     <span class='ocr_line' id='line_1_14' title="bbox 125 1475 1082 1546; baseline -0.001 -14"><span class='ocrx_word' id='word_1_99' title='bbox 125 1479 178 1532; x_wconf 88' lang='lat' dir='ltr'><strong>Sed</strong></span> <span class='ocrx_word' id='word_1_100' title='bbox 198 1477 214 1530; x_wconf 82' lang='lat'>8</span> <span class='ocrx_word' id='word_1_101' title='bbox 233 1479 367 1544; x_wconf 86' lang='lat' dir='ltr'><strong>praetores</strong></span> <span class='ocrx_word' id='word_1_102' title='bbox 379 1475 586 1541; x_wconf 87' lang='lat' dir='ltr'><strong>Atheniensium,</strong></span> <span class='ocrx_word' id='word_1_103' title='bbox 605 1479 675 1545; x_wconf 89' lang='lat' dir='ltr'><strong>qnod</strong></span> <span class='ocrx_word' id='word_1_104' title='bbox 692 1478 832 1546; x_wconf 85' lang='lat' dir='ltr'><strong>naufragos</strong></span> <span class='ocrx_word' id='word_1_105' title='bbox 850 1483 877 1531; x_wconf 90' lang='lat' dir='ltr'><strong>et</strong></span> <span class='ocrx_word' id='word_1_106' title='bbox 894 1483 1010 1532; x_wconf 89' lang='lat' dir='ltr'><strong>mortuos</strong></span> <span class='ocrx_word' id='word_1_107' title='bbox 1022 1493 1082 1531; x_wconf 87' lang='lat' dir='ltr'><strong>non</strong></span> 
     </span>
    </p>

    <p class='ocr_par' dir='ltr' id='par_1_9' title="bbox 126 1547 1081 1687">
     <span class='ocr_line' id='line_1_15' title="bbox 161 1547 906 1616; baseline 0.001 -16"><span class='ocrx_word' id='word_1_108' title='bbox 161 1548 351 1615; x_wconf 89' lang='lat' dir='ltr'><strong>suscepissent,</strong></span> <span class='ocrx_word' id='word_1_109' title='bbox 370 1547 464 1614; x_wconf 90' lang='lat' dir='ltr'><strong>capitis</strong></span> <span class='ocrx_word' id='word_1_110' title='bbox 483 1547 605 1600; x_wconf 90' lang='lat' dir='ltr'><strong>damnati.</strong></span> <span class='ocrx_word' id='word_1_111' title='bbox 642 1550 758 1601; x_wconf 80' lang='lat' dir='ltr'><strong>Socrates</strong></span> <span class='ocrx_word' id='word_1_112' title='bbox 774 1549 906 1616; x_wconf 81' lang='lat' dir='ltr'><strong>Prytanis.</strong></span> 
     </span>
     <span class='ocr_line' id='line_1_16' title="bbox 126 1617 1081 1687; baseline 0.001 -16"><span class='ocrx_word' id='word_1_113' title='bbox 126 1620 215 1671; x_wconf 83' lang='lat' dir='ltr'><strong>Ranae</strong></span> <span class='ocrx_word' id='word_1_114' title='bbox 232 1617 416 1684; x_wconf 86' lang='lat' dir='ltr'><strong>Aristophanis</strong></span> <span class='ocrx_word' id='word_1_115' title='bbox 436 1622 556 1684; x_wconf 84' lang='lat' dir='ltr'><strong>aguntur,</strong></span> <span class='ocrx_word' id='word_1_116' title='bbox 575 1635 633 1671; x_wconf 93' lang='lat' dir='ltr'><strong>cum</strong></span> <span class='ocrx_word' id='word_1_117' title='bbox 651 1620 729 1687; x_wconf 90' lang='lat' dir='ltr'><strong>paulo</strong></span> <span class='ocrx_word' id='word_1_118' title='bbox 749 1623 808 1672; x_wconf 90' lang='lat' dir='ltr'><strong>ante</strong></span> <span class='ocrx_word' id='word_1_119' title='bbox 821 1620 965 1687; x_wconf 85' lang='lat' dir='ltr'><strong>Sophocles</strong></span> <span class='ocrx_word' id='word_1_120' title='bbox 984 1620 1019 1672; x_wconf 94' lang='grc'><strong>90</strong></span> <span class='ocrx_word' id='word_1_121' title='bbox 1037 1636 1081 1672; x_wconf 92' lang='lat' dir='ltr'><strong>an·</strong></span> 
     </span>
    </p>

    <p class='ocr_par' dir='ltr' id='par_1_10' title="bbox 125 1687 1271 1899">
     <span class='ocr_line' id='line_1_17' title="bbox 164 1687 1271 1742; baseline -0.001 0"><span class='ocrx_word' id='word_1_122' title='bbox 164 1705 254 1742; x_wconf 90' lang='lat' dir='ltr'><strong>norum</strong></span> <span class='ocrx_word' id='word_1_123' title='bbox 272 1689 433 1740; x_wconf 87' lang='lat' dir='ltr'><strong>decessisset</strong></span> <span class='ocrx_word' id='word_1_124' title='bbox 1117 1687 1179 1741; x_wconf 72' lang='lat'><strong>405‘</strong></span> <span class='ocrx_word' id='word_1_125' title='bbox 1207 1687 1271 1741; x_wconf 88' lang='grc'><strong>933</strong></span> 
     </span>
     <span class='ocr_line' id='line_1_18' title="bbox 128 1758 1079 1826; baseline -0.001 -14"><span class='ocrx_word' id='word_1_126' title='bbox 128 1761 284 1812; x_wconf 90' lang='lat' dir='ltr'><strong>Decesserat</strong></span> <span class='ocrx_word' id='word_1_127' title='bbox 303 1760 367 1811; x_wconf 91' lang='lat' dir='ltr'><strong>item</strong></span> <span class='ocrx_word' id='word_1_128' title='bbox 385 1760 413 1810; x_wconf 94' lang='lat' dir='ltr'><strong>in</strong></span> <span class='ocrx_word' id='word_1_129' title='bbox 430 1759 583 1812; x_wconf 86' lang='lat' dir='ltr'><strong>hiacedonia</strong></span> <span class='ocrx_word' id='word_1_130' title='bbox 594 1759 731 1826; x_wconf 82' lang='lat' dir='ltr'><strong>Euripides</strong></span> <span class='ocrx_word' id='word_1_131' title='bbox 751 1773 818 1811; x_wconf 90' lang='lat' dir='ltr'><strong>anno</strong></span> <span class='ocrx_word' id='word_1_132' title='bbox 838 1762 905 1823; x_wconf 90' lang='lat' dir='ltr'><strong>ante,</strong></span> <span class='ocrx_word' id='word_1_133' title='bbox 924 1761 1018 1812; x_wconf 87' lang='lat' dir='ltr'><strong>aetatis</strong></span> <span class='ocrx_word' id='word_1_134' title='bbox 1036 1758 1079 1813; x_wconf 80' lang='lat' dir='ltr'><strong>tt.</strong></span> 
     </span>
     <span class='ocr_line' id='line_1_19' title="bbox 125 1830 1081 1899; baseline -0.001 -17"><span class='ocrx_word' id='word_1_135' title='bbox 125 1832 267 1899; x_wconf 69' lang='lat' dir='ltr'><strong>lysander,</strong></span> <span class='ocrx_word' id='word_1_136' title='bbox 285 1832 381 1882; x_wconf 92' lang='lat' dir='ltr'><strong>iterum</strong></span> <span class='ocrx_word' id='word_1_137' title='bbox 398 1830 478 1881; x_wconf 89' lang='lat' dir='ltr'><strong>classi</strong></span> <span class='ocrx_word' id='word_1_138' title='bbox 494 1831 673 1897; x_wconf 90' lang='lat' dir='ltr'><strong>praepositus,</strong></span> <span class='ocrx_word' id='word_1_139' title='bbox 696 1830 869 1883; x_wconf 88' lang='lat' dir='ltr'><strong>Athenienses</strong></span> <span class='ocrx_word' id='word_1_140' title='bbox 888 1831 922 1883; x_wconf 88' lang='lat' dir='ltr'><strong>ad</strong></span> <span class='ocrx_word' id='word_1_141' title='bbox 939 1832 1023 1896; x_wconf 77' lang='lat' dir='ltr'><strong>Aepoe</strong></span> <span class='ocrx_word' id='word_1_142' title='bbox 1037 1850 1081 1896; x_wconf 85' lang='lat' dir='ltr'><strong>po-</strong></span> 
     </span>
    </p>

    <p class='ocr_par' dir='ltr' id='par_1_11' title="bbox 160 1901 1081 1968">
     <span class='ocr_line' id='line_1_20' title="bbox 160 1901 1081 1968; baseline -0.001 -15"><span class='ocrx_word' id='word_1_143' title='bbox 160 1914 239 1953; x_wconf 84' lang='lat' dir='ltr'><strong>tamos</strong></span> <span class='ocrx_word' id='word_1_144' title='bbox 258 1901 393 1968; x_wconf 89' lang='lat' dir='ltr'><strong>opprimit,</strong></span> <span class='ocrx_word' id='word_1_145' title='bbox 417 1901 578 1967; x_wconf 83' lang='lat' dir='ltr'><strong>navibusque</strong></span> <span class='ocrx_word' id='word_1_146' title='bbox 602 1902 741 1964; x_wconf 76' lang='grc'><strong>1111111111,</strong></span> <span class='ocrx_word' id='word_1_147' title='bbox 765 1904 794 1952; x_wconf 92' lang='lat' dir='ltr'><strong>ut</strong></span> <span class='ocrx_word' id='word_1_148' title='bbox 817 1901 889 1953; x_wconf 90' lang='lat' dir='ltr'><strong>solus</strong></span> <span class='ocrx_word' id='word_1_149' title='bbox 909 1901 1000 1954; x_wconf 80' lang='lat' dir='ltr'><strong>Conon</strong></span> <span class='ocrx_word' id='word_1_150' title='bbox 1022 1917 1081 1954; x_wconf 85' lang='lat' dir='ltr'><strong>curn</strong></span> 
     </span>
    </p>

    <p class='ocr_par' dir='ltr' id='par_1_12' title="bbox 124 1969 1270 2112">
     <span class='ocr_line' id='line_1_21' title="bbox 159 1969 1270 2041; baseline -0.002 -17"><span class='ocrx_word' id='word_1_151' title='bbox 159 1973 254 2041; x_wconf 90' lang='lat' dir='ltr'><strong>paucis</strong></span> <span class='ocrx_word' id='word_1_152' title='bbox 274 1972 384 2023; x_wconf 83' lang='lat' dir='ltr'><strong>navibus</strong></span> <span class='ocrx_word' id='word_1_153' title='bbox 403 1970 518 2038; x_wconf 82' lang='lat' dir='ltr'><strong>Cyprum</strong></span> <span class='ocrx_word' id='word_1_154' title='bbox 536 1971 569 2023; x_wconf 89' lang='lat' dir='ltr'><strong>ad</strong></span> <span class='ocrx_word' id='word_1_155' title='bbox 586 1971 734 2037; x_wconf 82' lang='lat' dir='ltr'><strong>Euagoram</strong></span> <span class='ocrx_word' id='word_1_156' title='bbox 753 1972 846 2024; x_wconf 89' lang='lat' dir='ltr'><strong>eradat</strong></span> <span class='ocrx_word' id='word_1_157' title='bbox 1117 1969 1170 2024; x_wconf 91' lang='grc'><strong>405</strong></span> <span class='ocrx_word' id='word_1_158' title='bbox 1206 1970 1270 2024; x_wconf 88' lang='grc'><strong>934</strong></span> 
     </span>
     <span class='ocr_line' id='line_1_22' title="bbox 124 2042 1080 2112; baseline -0.002 -15"><span class='ocrx_word' id='word_1_159' title='bbox 124 2043 264 2112; x_wconf 84' lang='lat' dir='ltr'><strong>Lysander</strong></span> <span class='ocrx_word' id='word_1_160' title='bbox 281 2042 353 2094; x_wconf 91' lang='lat' dir='ltr'><strong>lento</strong></span> <span class='ocrx_word' id='word_1_161' title='bbox 373 2056 451 2093; x_wconf 86' lang='lat' dir='ltr'><strong>cursu</strong></span> <span class='ocrx_word' id='word_1_162' title='bbox 463 2042 573 2093; x_wconf 87' lang='lat' dir='ltr'><strong>Athenis</strong></span> <span class='ocrx_word' id='word_1_163' title='bbox 592 2043 789 2110; x_wconf 88' lang='lat' dir='ltr'><strong>appropinquat,</strong></span> <span class='ocrx_word' id='word_1_164' title='bbox 808 2043 951 2111; x_wconf 77' lang='lat' dir='ltr'><strong>Aeginetae</strong></span> <span class='ocrx_word' id='word_1_165' title='bbox 970 2047 997 2095; x_wconf 91' lang='lat' dir='ltr'><strong>et</strong></span> <span class='ocrx_word' id='word_1_166' title='bbox 1008 2044 1080 2095; x_wconf 84' lang='lat' dir='ltr'><strong>Melil</strong></span> 
     </span>
    </p>

    <p class='ocr_par' dir='ltr' id='par_1_13' title="bbox 161 2113 1083 2180">
     <span class='ocr_line' id='line_1_23' title="bbox 161 2113 1083 2180; baseline 0.001 -14"><span class='ocrx_word' id='word_1_167' title='bbox 161 2114 269 2166; x_wconf 86' lang='lat' dir='ltr'><strong>collecti</strong></span> <span class='ocrx_word' id='word_1_168' title='bbox 292 2114 320 2164; x_wconf 95' lang='lat' dir='ltr'><strong>in</strong></span> <span class='ocrx_word' id='word_1_169' title='bbox 345 2113 442 2179; x_wconf 89' lang='lat' dir='ltr'><strong>patrias</strong></span> <span class='ocrx_word' id='word_1_170' title='bbox 465 2113 645 2170; x_wconf 85' lang='lat' dir='ltr'><strong>restituuntur.</strong></span> <span class='ocrx_word' id='word_1_171' title='bbox 680 2113 929 2180; x_wconf 89' lang='lat' dir='ltr'><strong>Peloponnesiorum</strong></span> <span class='ocrx_word' id='word_1_172' title='bbox 953 2116 1083 2167; x_wconf 82' lang='lat' dir='ltr'><strong>exercitus</strong></span> 
     </span>
    </p>

    <p class='ocr_par' dir='ltr' id='par_1_14' title="bbox 124 2180 1172 2323">
     <span class='ocr_line' id='line_1_24' title="bbox 161 2180 1172 2251; baseline -0.004 -14"><span class='ocrx_word' id='word_1_173' title='bbox 161 2186 212 2237; x_wconf 91' lang='lat' dir='ltr'><strong>sub</strong></span> <span class='ocrx_word' id='word_1_174' title='bbox 231 2183 362 2235; x_wconf 89' lang='lat' dir='ltr'><strong>Pausania</strong></span> <span class='ocrx_word' id='word_1_175' title='bbox 378 2196 441 2250; x_wconf 86' lang='lat' dir='ltr'><strong>rege</strong></span> <span class='ocrx_word' id='word_1_176' title='bbox 459 2183 487 2235; x_wconf 93' lang='lat' dir='ltr'><strong>in</strong></span> <span class='ocrx_word' id='word_1_177' title='bbox 504 2182 619 2235; x_wconf 87' lang='lat' dir='ltr'><strong>Atticam</strong></span> <span class='ocrx_word' id='word_1_178' title='bbox 638 2188 812 2251; x_wconf 78' lang='lat' dir='ltr'><strong>congregatur</strong></span> <span class='ocrx_word' id='word_1_179' title='bbox 1118 2180 1172 2234; x_wconf 94' lang='grc'><strong>405</strong></span> 
     </span>
     <span class='ocr_line' id='line_1_25' title="bbox 124 2254 1167 2323; baseline -0.002 -15"><span class='ocrx_word' id='word_1_180' title='bbox 124 2254 246 2308; x_wconf 88' lang='lat' dir='ltr'><strong>Athenae</strong></span> <span class='ocrx_word' id='word_1_181' title='bbox 270 2257 331 2321; x_wconf 89' lang='lat' dir='ltr'><strong>post</strong></span> <span class='ocrx_word' id='word_1_182' title='bbox 354 2254 502 2307; x_wconf 86' lang='lat' dir='ltr'><strong>diuturnam</strong></span> <span class='ocrx_word' id='word_1_183' title='bbox 530 2254 692 2306; x_wconf 86' lang='lat' dir='ltr'><strong>obsidionem</strong></span> <span class='ocrx_word' id='word_1_184' title='bbox 720 2255 850 2308; x_wconf 91' lang='lat' dir='ltr'><strong>deduntur</strong></span> <span class='ocrx_word' id='word_1_185' title='bbox 877 2254 935 2318; x_wconf 85' lang='lat'><strong>(16.</strong></span> <span class='ocrx_word' id='word_1_186' title='bbox 959 2255 1081 2323; x_wconf 82' lang='lat' dir='ltr'><strong>Munych.</strong></span> <span class='ocrx_word' id='word_1_187' title='bbox 1165 2298 1167 2301; x_wconf 97' lang='lat'><strong>.</strong></span> 
     </span>
    </p>

    <p class='ocr_par' dir='ltr' id='par_1_15' title="bbox 162 2320 1082 2394">
     <span class='ocr_line' id='line_1_26' title="bbox 162 2320 1082 2394; baseline 0 -16"><span class='ocrx_word' id='word_1_188' title='bbox 162 2325 206 2378; x_wconf 78' lang='lat'><strong>22.</strong></span> <span class='ocrx_word' id='word_1_189' title='bbox 220 2320 323 2392; x_wconf 79' lang='lat' dir='ltr'><strong>April),</strong></span> <span class='ocrx_word' id='word_1_190' title='bbox 341 2323 414 2391; x_wconf 80' lang='lat' dir='ltr'><strong>longi</strong></span> <span class='ocrx_word' id='word_1_191' title='bbox 426 2325 493 2375; x_wconf 88' lang='lat' dir='ltr'><strong>muri</strong></span> <span class='ocrx_word' id='word_1_192' title='bbox 505 2324 561 2376; x_wconf 91' lang='lat' dir='ltr'><strong>solo</strong></span> <span class='ocrx_word' id='word_1_193' title='bbox 575 2329 725 2392; x_wconf 88' lang='lat' dir='ltr'><strong>aequantur,</strong></span> <span class='ocrx_word' id='word_1_194' title='bbox 741 2327 890 2394; x_wconf 88' lang='lat' dir='ltr'><strong>respublica</strong></span> <span class='ocrx_word' id='word_1_195' title='bbox 903 2330 1007 2393; x_wconf 74' lang='lat' dir='ltr'><strong>triptota</strong></span> <span class='ocrx_word' id='word_1_196' title='bbox 1019 2327 1082 2378; x_wconf 85' lang='lat' dir='ltr'><strong>viris</strong></span> 
     </span>
    </p>

    <p class='ocr_par' dir='ltr' id='par_1_16' title="bbox 163 2394 1082 2464">
     <span class='ocr_line' id='line_1_27' title="bbox 163 2394 1082 2464; baseline -0.001 -16"><span class='ocrx_word' id='word_1_197' title='bbox 163 2395 314 2464; x_wconf 88' lang='lat' dir='ltr'><strong>(tyrannis)</strong></span> <span class='ocrx_word' id='word_1_198' title='bbox 344 2395 514 2461; x_wconf 88' lang='lat' dir='ltr'><strong>permittitur,</strong></span> <span class='ocrx_word' id='word_1_199' title='bbox 537 2394 801 2448; x_wconf 80' lang='lat' dir='ltr'><strong>Lacedaemoniorum</strong></span> <span class='ocrx_word' id='word_1_200' title='bbox 826 2398 905 2449; x_wconf 90' lang='lat' dir='ltr'><strong>rebus</strong></span> <span class='ocrx_word' id='word_1_201' title='bbox 927 2398 1082 2453; x_wconf 86' lang='lat' dir='ltr'><strong>faventibus.</strong></span> 
     </span>
    </p>

    <p class='ocr_par' dir='ltr' id='par_1_17' title="bbox 124 2461 1272 2659">
     <span class='ocr_line' id='line_1_28' title="bbox 161 2461 1272 2532; baseline -0.004 -14"><span class='ocrx_word' id='word_1_202' title='bbox 161 2465 314 2520; x_wconf 88' lang='lat' dir='ltr'><strong>Alcibiades</strong></span> <span class='ocrx_word' id='word_1_203' title='bbox 333 2464 436 2519; x_wconf 87' lang='lat' dir='ltr'><strong>insidiis</strong></span> <span class='ocrx_word' id='word_1_204' title='bbox 454 2480 544 2517; x_wconf 90' lang='lat' dir='ltr'><strong>eorum</strong></span> <span class='ocrx_word' id='word_1_205' title='bbox 563 2466 631 2532; x_wconf 89' lang='lat' dir='ltr'><strong>perit</strong></span> <span class='ocrx_word' id='word_1_206' title='bbox 1119 2462 1172 2515; x_wconf 93' lang='grc'><strong>404</strong></span> <span class='ocrx_word' id='word_1_207' title='bbox 1209 2461 1272 2514; x_wconf 91' lang='grc'><strong>934</strong></span> 
     </span>
     <span class='ocr_line' id='line_1_29' title="bbox 124 2535 1171 2659; baseline -0.001 -68"><span class='ocrx_word' id='word_1_208' title='bbox 124 2535 359 2659; x_wconf 33' lang='grc' dir='ltr'><strong>Βγ11111ἓ11911111</strong></span> <span class='ocrx_word' id='word_1_209' title='bbox 379 2551 460 2603; x_wconf 91' lang='lat' dir='ltr'><strong>remp.</strong></span> <span class='ocrx_word' id='word_1_210' title='bbox 480 2537 648 2603; x_wconf 84' lang='lat' dir='ltr'><strong>optimatibus</strong></span> <span class='ocrx_word' id='word_1_211' title='bbox 674 2537 761 2589; x_wconf 87' lang='lat' dir='ltr'><strong>tradit.</strong></span> <span class='ocrx_word' id='word_1_212' title='bbox 798 2537 929 2590; x_wconf 77' lang='grc'><strong>1111111111</strong></span> <span class='ocrx_word' id='word_1_213' title='bbox 951 2537 986 2590; x_wconf 80' lang='lat'><strong>28</strong></span> <span class='ocrx_word' id='word_1_214' title='bbox 1005 2552 1084 2589; x_wconf 88' lang='lat' dir='ltr'><strong>anno-</strong></span> <span class='ocrx_word' id='word_1_215' title='bbox 1117 2603 1171 2656; x_wconf 66' lang='grc'><strong>404</strong></span> 
     </span>
    </p>

    <p class='ocr_par' dir='ltr' id='par_1_18' title="bbox 162 2622 299 2660">
     <span class='ocr_line' id='line_1_30' title="bbox 162 2622 299 2660; baseline -0.015 0"><span class='ocrx_word' id='word_1_216' title='bbox 162 2625 222 2660; x_wconf 88' lang='lat' dir='ltr'><strong>mm</strong></span> <span class='ocrx_word' id='word_1_217' title='bbox 259 2622 299 2658; x_wconf 88' lang='grc'><strong>1111</strong></span> 
     </span>
    </p>
   </div>
   <div class='ocr_carea' id='block_1_4' title="bbox 126 2745 1277 4509">
    <p class='ocr_par' dir='ltr' id='par_1_19' title="bbox 126 2745 1084 2816">
     <span class='ocr_line' id='line_1_31' title="bbox 126 2745 1084 2816; baseline -0.004 -14"><span class='ocrx_word' id='word_1_218' title='bbox 126 2748 251 2816; x_wconf 78' lang='lat' dir='ltr'><strong>Triginta</strong></span> <span class='ocrx_word' id='word_1_219' title='bbox 274 2746 324 2797; x_wconf 85' lang='lat' dir='ltr'><strong>riri</strong></span> <span class='ocrx_word' id='word_1_220' title='bbox 342 2748 401 2797; x_wconf 90' lang='lat' dir='ltr'><strong>octo</strong></span> <span class='ocrx_word' id='word_1_221' title='bbox 420 2760 524 2798; x_wconf 90' lang='lat' dir='ltr'><strong>menses</strong></span> <span class='ocrx_word' id='word_1_222' title='bbox 543 2745 653 2799; x_wconf 86' lang='lat' dir='ltr'><strong>Athenis</strong></span> <span class='ocrx_word' id='word_1_223' title='bbox 673 2747 850 2813; x_wconf 85' lang='lat' dir='ltr'><strong>dominantur,</strong></span> <span class='ocrx_word' id='word_1_224' title='bbox 874 2748 1049 2800; x_wconf 81' lang='lat' dir='ltr'><strong>Theramenes</strong></span> <span class='ocrx_word' id='word_1_225' title='bbox 1068 2763 1084 2798; x_wconf 93' lang='lat' dir='ltr'><strong>a</strong></span> 
     </span>
    </p>

    <p class='ocr_par' dir='ltr' id='par_1_20' title="bbox 126 2817 1270 3026">
     <span class='ocr_line' id='line_1_32' title="bbox 165 2817 558 2871; baseline -0.01 0"><span class='ocrx_word' id='word_1_226' title='bbox 165 2818 248 2871; x_wconf 87' lang='lat' dir='ltr'><strong>Critia</strong></span> <span class='ocrx_word' id='word_1_227' title='bbox 265 2820 404 2868; x_wconf 90' lang='lat' dir='ltr'><strong>accusatus</strong></span> <span class='ocrx_word' id='word_1_228' title='bbox 424 2817 558 2869; x_wconf 89' lang='lat' dir='ltr'><strong>occiditur.</strong></span> 
     </span>
     <span class='ocr_line' id='line_1_33' title="bbox 128 2886 1270 2956; baseline -0.004 -14"><span class='ocrx_word' id='word_1_229' title='bbox 128 2888 301 2956; x_wconf 67' lang='lat' dir='ltr'><strong>Thrasybulus</strong></span> <span class='ocrx_word' id='word_1_230' title='bbox 318 2887 433 2954; x_wconf 79' lang='lat' dir='ltr'><strong>Lyconis</strong></span> <span class='ocrx_word' id='word_1_231' title='bbox 452 2887 470 2938; x_wconf 90' lang='lat' dir='ltr'><strong>f.</strong></span> <span class='ocrx_word' id='word_1_232' title='bbox 488 2887 589 2954; x_wconf 82' lang='lat' dir='ltr'><strong>Phylen</strong></span> <span class='ocrx_word' id='word_1_233' title='bbox 608 2890 727 2954; x_wconf 84' lang='lat' dir='ltr'><strong>occupat,</strong></span> <span class='ocrx_word' id='word_1_234' title='bbox 744 2888 805 2941; x_wconf 86' lang='lat' dir='ltr'><strong>inde</strong></span> <span class='ocrx_word' id='word_1_235' title='bbox 823 2888 944 2940; x_wconf 86' lang='lat' dir='ltr'><strong>Piraeum</strong></span> <span class='ocrx_word' id='word_1_236' title='bbox 1119 2886 1172 2938; x_wconf 83' lang='lat'><strong>404</strong></span> <span class='ocrx_word' id='word_1_237' title='bbox 1209 2886 1270 2938; x_wconf 84' lang='grc'><strong>941</strong></span> 
     </span>
     <span class='ocr_line' id='line_1_34' title="bbox 126 2958 1082 3026; baseline -0.007 -11"><span class='ocrx_word' id='word_1_238' title='bbox 126 2961 212 3014; x_wconf 82' lang='grc'><strong>011111</strong></span> <span class='ocrx_word' id='word_1_239' title='bbox 229 2960 258 3011; x_wconf 94' lang='lat' dir='ltr'><strong>in</strong></span> <span class='ocrx_word' id='word_1_240' title='bbox 276 2973 364 3026; x_wconf 83' lang='lat' dir='ltr'><strong>pugna</strong></span> <span class='ocrx_word' id='word_1_241' title='bbox 383 2959 479 3020; x_wconf 78' lang='lat' dir='ltr'><strong>accim,</strong></span> <span class='ocrx_word' id='word_1_242' title='bbox 498 2961 526 3009; x_wconf 90' lang='lat' dir='ltr'><strong>et</strong></span> <span class='ocrx_word' id='word_1_243' title='bbox 543 2958 677 3011; x_wconf 57' lang='lat' dir='ltr'><strong>Pausania*</strong></span> <span class='ocrx_word' id='word_1_244' title='bbox 689 2973 751 3025; x_wconf 82' lang='lat' dir='ltr'><strong>rege</strong></span> <span class='ocrx_word' id='word_1_245' title='bbox 763 2958 1028 3011; x_wconf 85' lang='lat' dir='ltr'><strong>Lacedaemoniorum</strong></span> <span class='ocrx_word' id='word_1_246' title='bbox 1045 2958 1082 3009; x_wconf 88' lang='lat' dir='ltr'><strong>fa·</strong></span> 
     </span>
    </p>

    <p class='ocr_par' dir='ltr' id='par_1_21' title="bbox 164 3027 1081 3095">
     <span class='ocr_line' id='line_1_35' title="bbox 164 3027 1081 3095; baseline -0.003 -13"><span class='ocrx_word' id='word_1_247' title='bbox 164 3033 251 3093; x_wconf 83' lang='lat' dir='ltr'><strong>rente,</strong></span> <span class='ocrx_word' id='word_1_248' title='bbox 270 3032 346 3082; x_wconf 85' lang='lat' dir='ltr'><strong>yetus</strong></span> <span class='ocrx_word' id='word_1_249' title='bbox 364 3029 428 3095; x_wconf 88' lang='lat' dir='ltr'><strong>reip.</strong></span> <span class='ocrx_word' id='word_1_250' title='bbox 441 3028 524 3080; x_wconf 84' lang='lat' dir='ltr'><strong>forma</strong></span> <span class='ocrx_word' id='word_1_251' title='bbox 534 3027 689 3083; x_wconf 87' lang='lat' dir='ltr'><strong>restituitur.</strong></span> <span class='ocrx_word' id='word_1_252' title='bbox 712 3028 876 3092; x_wconf 79' lang='lat' dir='ltr'><strong>(Celebratur</strong></span> <span class='ocrx_word' id='word_1_253' title='bbox 890 3028 931 3080; x_wconf 79' lang='lat'><strong>12.</strong></span> <span class='ocrx_word' id='word_1_254' title='bbox 944 3029 1081 3081; x_wconf 72' lang='lat' dir='ltr'><strong>Baedrom.</strong></span> 
     </span>
    </p>

    <p class='ocr_par' dir='ltr' id='par_1_22' title="bbox 164 3099 1082 3167">
     <span class='ocr_line' id='line_1_36' title="bbox 164 3099 1082 3167; baseline -0.002 -14"><span class='ocrx_word' id='word_1_255' title='bbox 164 3100 306 3167; x_wconf 68' lang='grc'><strong>9491111.)</strong></span> <span class='ocrx_word' id='word_1_256' title='bbox 335 3099 437 3151; x_wconf 88' lang='lat' dir='ltr'><strong>Oblivio</strong></span> <span class='ocrx_word' id='word_1_257' title='bbox 456 3114 542 3150; x_wconf 89' lang='lat' dir='ltr'><strong>rerum</strong></span> <span class='ocrx_word' id='word_1_258' title='bbox 561 3101 737 3151; x_wconf 89' lang='lat' dir='ltr'><strong>anteactarum</strong></span> <span class='ocrx_word' id='word_1_259' title='bbox 751 3101 874 3164; x_wconf 82' lang='grc'><strong>1111111111,</strong></span> <span class='ocrx_word' id='word_1_260' title='bbox 893 3099 1016 3151; x_wconf 90' lang='lat' dir='ltr'><strong>archonte</strong></span> <span class='ocrx_word' id='word_1_261' title='bbox 1028 3099 1082 3151; x_wconf 84' lang='lat' dir='ltr'><strong>Eu-</strong></span> 
     </span>
    </p>

    <p class='ocr_par' dir='ltr' id='par_1_23' title="bbox 130 3166 1272 3363">
     <span class='ocr_line' id='line_1_37' title="bbox 165 3166 1272 3237; baseline -0.005 -13"><span class='ocrx_word' id='word_1_262' title='bbox 165 3173 237 3224; x_wconf 82' lang='lat' dir='ltr'><strong>clida</strong></span> <span class='ocrx_word' id='word_1_263' title='bbox 257 3169 424 3237; x_wconf 87' lang='lat' dir='ltr'><strong>Thucydides</strong></span> <span class='ocrx_word' id='word_1_264' title='bbox 442 3169 583 3222; x_wconf 83' lang='lat' dir='ltr'><strong>historicus</strong></span> <span class='ocrx_word' id='word_1_265' title='bbox 603 3184 637 3223; x_wconf 87' lang='lat' dir='ltr'><strong>ex</strong></span> <span class='ocrx_word' id='word_1_266' title='bbox 655 3169 733 3221; x_wconf 79' lang='lat' dir='ltr'><strong>exilio</strong></span> <span class='ocrx_word' id='word_1_267' title='bbox 751 3174 888 3223; x_wconf 83' lang='lat' dir='ltr'><strong>revocatur</strong></span> <span class='ocrx_word' id='word_1_268' title='bbox 1118 3167 1172 3221; x_wconf 87' lang='grc'><strong>403</strong></span> <span class='ocrx_word' id='word_1_269' title='bbox 1209 3166 1272 3219; x_wconf 82' lang='grc'><strong>949</strong></span> 
     </span>
     <span class='ocr_line' id='line_1_38' title="bbox 130 3238 1084 3363; baseline -0.005 -68"><span class='ocrx_word' id='word_1_270' title='bbox 130 3244 224 3312; x_wconf 76' lang='lat' dir='ltr'><strong>Cyrus,</strong></span> <span class='ocrx_word' id='word_1_271' title='bbox 246 3240 346 3363; x_wconf 46' lang='lat' dir='ltr'><strong>nydiae</strong></span> <span class='ocrx_word' id='word_1_272' title='bbox 365 3244 480 3307; x_wconf 78' lang='lat' dir='ltr'><strong>sahapa,</strong></span> <span class='ocrx_word' id='word_1_273' title='bbox 504 3238 607 3292; x_wconf 90' lang='lat' dir='ltr'><strong>adiutus</strong></span> <span class='ocrx_word' id='word_1_274' title='bbox 626 3255 642 3290; x_wconf 93' lang='lat' dir='ltr'><strong>a</strong></span> <span class='ocrx_word' id='word_1_275' title='bbox 660 3239 874 3294; x_wconf 90' lang='lat' dir='ltr'><strong>Lacedaemoniis</strong></span> <span class='ocrx_word' id='word_1_276' title='bbox 893 3239 1084 3308; x_wconf 81' lang='lat' dir='ltr'><strong>expeditionem</strong></span> 
     </span>
    </p>

    <p class='ocr_par' dir='ltr' id='par_1_24' title="bbox 166 3309 1086 3379">
     <span class='ocr_line' id='line_1_39' title="bbox 166 3309 1086 3379; baseline -0.003 -14"><span class='ocrx_word' id='word_1_277' title='bbox 166 3312 267 3378; x_wconf 89' lang='lat' dir='ltr'><strong>suscipi</strong></span> <span class='ocrx_word' id='word_1_278' title='bbox 302 3311 426 3363; x_wconf 83' lang='lat' dir='ltr'><strong>adversus</strong></span> <span class='ocrx_word' id='word_1_279' title='bbox 449 3309 555 3362; x_wconf 85' lang='lat' dir='ltr'><strong>fratrem</strong></span> <span class='ocrx_word' id='word_1_280' title='bbox 572 3310 744 3363; x_wconf 70' lang='lat' dir='ltr'><strong>Artaxmm</strong></span> <span class='ocrx_word' id='word_1_281' title='bbox 768 3327 869 3379; x_wconf 86' lang='lat' dir='ltr'><strong>regem,</strong></span> <span class='ocrx_word' id='word_1_282' title='bbox 893 3326 983 3363; x_wconf 91' lang='lat' dir='ltr'><strong>mense</strong></span> <span class='ocrx_word' id='word_1_283' title='bbox 1002 3310 1086 3378; x_wconf 88' lang='lat' dir='ltr'><strong>Aprili</strong></span> 
     </span>
    </p>

    <p class='ocr_par' dir='ltr' id='par_1_25' title="bbox 127 3377 1274 3518">
     <span class='ocr_line' id='line_1_40' title="bbox 166 3377 1274 3448; baseline -0.002 -14"><span class='ocrx_word' id='word_1_284' title='bbox 166 3382 294 3436; x_wconf 82' lang='lat' dir='ltr'><strong>Sardibus</strong></span> <span class='ocrx_word' id='word_1_285' title='bbox 313 3381 446 3448; x_wconf 86' lang='lat' dir='ltr'><strong>profectus</strong></span> <span class='ocrx_word' id='word_1_286' title='bbox 1120 3378 1171 3431; x_wconf 91' lang='grc'><strong>401</strong></span> <span class='ocrx_word' id='word_1_287' title='bbox 1210 3377 1274 3432; x_wconf 89' lang='grc'><strong>943</strong></span> 
     </span>
     <span class='ocr_line' id='line_1_41' title="bbox 127 3449 1274 3518; baseline -0.006 -10"><span class='ocrx_word' id='word_1_288' title='bbox 127 3455 210 3508; x_wconf 88' lang='lat' dir='ltr'><strong>Victo</strong></span> <span class='ocrx_word' id='word_1_289' title='bbox 225 3450 295 3518; x_wconf 82' lang='lat' dir='ltr'><strong>Cyro</strong></span> <span class='ocrx_word' id='word_1_290' title='bbox 314 3450 347 3502; x_wconf 92' lang='lat' dir='ltr'><strong>ad</strong></span> <span class='ocrx_word' id='word_1_291' title='bbox 360 3451 477 3514; x_wconf 79' lang='lat' dir='ltr'><strong>Genaua,</strong></span> <span class='ocrx_word' id='word_1_292' title='bbox 496 3449 587 3503; x_wconf 86' lang='lat' dir='ltr'><strong>decem</strong></span> <span class='ocrx_word' id='word_1_293' title='bbox 605 3450 678 3502; x_wconf 92' lang='lat' dir='ltr'><strong>milia</strong></span> <span class='ocrx_word' id='word_1_294' title='bbox 691 3449 850 3503; x_wconf 85' lang='lat' dir='ltr'><strong>Graecorum</strong></span> <span class='ocrx_word' id='word_1_295' title='bbox 868 3453 1086 3505; x_wconf 88' lang='lat' dir='ltr'><strong>mercenariorum</strong></span> <span class='ocrx_word' id='word_1_296' title='bbox 1121 3450 1172 3502; x_wconf 86' lang='lat'><strong>401</strong></span> <span class='ocrx_word' id='word_1_297' title='bbox 1211 3449 1274 3502; x_wconf 90' lang='grc'><strong>944</strong></span> 
     </span>
    </p>

    <p class='ocr_par' dir='ltr' id='par_1_26' title="bbox 127 3521 1272 3729">
     <span class='ocr_line' id='line_1_42' title="bbox 166 3521 1173 3589; baseline -0.003 -13"><span class='ocrx_word' id='word_1_298' title='bbox 166 3524 234 3576; x_wconf 88' lang='lat' dir='ltr'><strong>duce</strong></span> <span class='ocrx_word' id='word_1_299' title='bbox 253 3522 414 3587; x_wconf 75' lang='lat' dir='ltr'><strong>Xenophonte</strong></span> <span class='ocrx_word' id='word_1_300' title='bbox 430 3524 492 3589; x_wconf 89' lang='lat' dir='ltr'><strong>post</strong></span> <span class='ocrx_word' id='word_1_301' title='bbox 509 3522 560 3572; x_wconf 89' lang='lat' dir='ltr'><strong>iter</strong></span> <span class='ocrx_word' id='word_1_302' title='bbox 578 3526 638 3574; x_wconf 87' lang='lat' dir='ltr'><strong>octo</strong></span> <span class='ocrx_word' id='word_1_303' title='bbox 656 3522 786 3575; x_wconf 85' lang='lat' dir='ltr'><strong>mensium</strong></span> <span class='ocrx_word' id='word_1_304' title='bbox 804 3526 967 3575; x_wconf 75' lang='lat' dir='ltr'><strong>revomantur</strong></span> <span class='ocrx_word' id='word_1_305' title='bbox 1119 3521 1173 3573; x_wconf 88' lang='lat'><strong>400</strong></span> 
     </span>
     <span class='ocr_line' id='line_1_43' title="bbox 127 3588 1272 3658; baseline -0.006 -10"><span class='ocrx_word' id='word_1_306' title='bbox 127 3598 250 3647; x_wconf 84' lang='lat' dir='ltr'><strong>Socratas</strong></span> <span class='ocrx_word' id='word_1_307' title='bbox 268 3591 313 3644; x_wconf 74' lang='lat' dir='ltr'><strong>to.</strong></span> <span class='ocrx_word' id='word_1_308' title='bbox 330 3593 423 3645; x_wconf 89' lang='lat' dir='ltr'><strong>aetatis</strong></span> <span class='ocrx_word' id='word_1_309' title='bbox 442 3607 509 3643; x_wconf 91' lang='lat' dir='ltr'><strong>anno</strong></span> <span class='ocrx_word' id='word_1_310' title='bbox 529 3592 658 3658; x_wconf 90' lang='lat' dir='ltr'><strong>supplicio</strong></span> <span class='ocrx_word' id='word_1_311' title='bbox 677 3591 789 3643; x_wconf 84' lang='lat' dir='ltr'><strong>afficitur</strong></span> <span class='ocrx_word' id='word_1_312' title='bbox 1122 3590 1174 3643; x_wconf 88' lang='grc'><strong>399</strong></span> <span class='ocrx_word' id='word_1_313' title='bbox 1211 3588 1272 3643; x_wconf 91' lang='grc'><strong>951</strong></span> 
     </span>
     <span class='ocr_line' id='line_1_44' title="bbox 130 3661 1086 3729; baseline -0.008 -10"><span class='ocrx_word' id='word_1_314' title='bbox 130 3666 198 3719; x_wconf 85' lang='lat' dir='ltr'><strong>Cum</strong></span> <span class='ocrx_word' id='word_1_315' title='bbox 226 3663 401 3728; x_wconf 80' lang='lat' dir='ltr'><strong>Tissaphernes</strong></span> <span class='ocrx_word' id='word_1_316' title='bbox 424 3661 538 3715; x_wconf 84' lang='lat' dir='ltr'><strong>Graecas</strong></span> <span class='ocrx_word' id='word_1_317' title='bbox 566 3663 594 3713; x_wconf 94' lang='lat' dir='ltr'><strong>in</strong></span> <span class='ocrx_word' id='word_1_318' title='bbox 616 3661 680 3713; x_wconf 85' lang='lat' dir='ltr'><strong>Asia</strong></span> <span class='ocrx_word' id='word_1_319' title='bbox 702 3662 779 3714; x_wconf 90' lang='lat' dir='ltr'><strong>nrbes</strong></span> <span class='ocrx_word' id='word_1_320' title='bbox 803 3662 948 3729; x_wconf 88' lang='lat' dir='ltr'><strong>opprimere</strong></span> <span class='ocrx_word' id='word_1_321' title='bbox 971 3665 1086 3724; x_wconf 90' lang='lat' dir='ltr'><strong>conetur,</strong></span> 
     </span>
    </p>

    <p class='ocr_par' dir='ltr' id='par_1_27' title="bbox 167 3731 1086 3798">
     <span class='ocr_line' id='line_1_45' title="bbox 167 3731 1086 3798; baseline -0.005 -10"><span class='ocrx_word' id='word_1_322' title='bbox 167 3734 369 3788; x_wconf 88' lang='lat' dir='ltr'><strong>Lacedaemonii</strong></span> <span class='ocrx_word' id='word_1_323' title='bbox 387 3733 531 3785; x_wconf 82' lang='lat' dir='ltr'><strong>exercitum</strong></span> <span class='ocrx_word' id='word_1_324' title='bbox 549 3747 580 3784; x_wconf 93' lang='lat' dir='ltr'><strong>eo</strong></span> <span class='ocrx_word' id='word_1_325' title='bbox 598 3732 712 3796; x_wconf 83' lang='lat' dir='ltr'><strong>mittunt,</strong></span> <span class='ocrx_word' id='word_1_326' title='bbox 731 3732 796 3783; x_wconf 91' lang='lat' dir='ltr'><strong>duce</strong></span> <span class='ocrx_word' id='word_1_327' title='bbox 811 3733 962 3795; x_wconf 73' lang='lat' dir='ltr'><strong>ibimbrone,</strong></span> <span class='ocrx_word' id='word_1_328' title='bbox 981 3732 1027 3798; x_wconf 90' lang='lat' dir='ltr'><strong>qui</strong></span> <span class='ocrx_word' id='word_1_329' title='bbox 1043 3731 1086 3783; x_wconf 86' lang='lat' dir='ltr'><strong>ad·</strong></span> 
     </span>
    </p>

    <p class='ocr_par' dir='ltr' id='par_1_28' title="bbox 130 3798 1175 3942">
     <span class='ocr_line' id='line_1_46' title="bbox 167 3798 1175 3870; baseline -0.007 -13"><span class='ocrx_word' id='word_1_330' title='bbox 167 3806 266 3857; x_wconf 89' lang='lat' dir='ltr'><strong>iunctis</strong></span> <span class='ocrx_word' id='word_1_331' title='bbox 284 3803 337 3856; x_wconf 90' lang='lat' dir='ltr'><strong>illis</strong></span> <span class='ocrx_word' id='word_1_332' title='bbox 357 3803 453 3867; x_wconf 91' lang='lat'>10,000</span> <span class='ocrx_word' id='word_1_333' title='bbox 470 3803 597 3855; x_wconf 92' lang='lat' dir='ltr'><strong>militibus</strong></span> <span class='ocrx_word' id='word_1_334' title='bbox 615 3818 669 3853; x_wconf 89' lang='lat' dir='ltr'><strong>rem</strong></span> <span class='ocrx_word' id='word_1_335' title='bbox 688 3803 756 3870; x_wconf 82' lang='lat' dir='ltr'><strong>gerit</strong></span> <span class='ocrx_word' id='word_1_336' title='bbox 1122 3798 1175 3851; x_wconf 88' lang='grc'><strong>399</strong></span> 
     </span>
     <span class='ocr_line' id='line_1_47' title="bbox 130 3871 1086 3942; baseline -0.009 -12"><span class='ocrx_word' id='word_1_337' title='bbox 130 3877 232 3930; x_wconf 87' lang='lat' dir='ltr'><strong>Eodem</strong></span> <span class='ocrx_word' id='word_1_338' title='bbox 249 3879 367 3942; x_wconf 85' lang='lat' dir='ltr'><strong>tempore</strong></span> <span class='ocrx_word' id='word_1_339' title='bbox 378 3873 579 3927; x_wconf 89' lang='lat' dir='ltr'><strong>Lacedaemonii</strong></span> <span class='ocrx_word' id='word_1_340' title='bbox 594 3873 692 3924; x_wconf 86' lang='lat' dir='ltr'><strong>bellum</strong></span> <span class='ocrx_word' id='word_1_341' title='bbox 708 3876 804 3940; x_wconf 77' lang='lat' dir='ltr'><strong>gerunt</strong></span> <span class='ocrx_word' id='word_1_342' title='bbox 821 3887 881 3924; x_wconf 83' lang='lat' dir='ltr'><strong>curn</strong></span> <span class='ocrx_word' id='word_1_343' title='bbox 893 3871 973 3936; x_wconf 82' lang='lat' dir='ltr'><strong>Eleis,</strong></span> <span class='ocrx_word' id='word_1_344' title='bbox 991 3872 1086 3938; x_wconf 86' lang='lat' dir='ltr'><strong>quibus</strong></span> 
     </span>
    </p>

    <p class='ocr_par' dir='ltr' id='par_1_29' title="bbox 132 3935 1277 4081">
     <span class='ocr_line' id='line_1_48' title="bbox 167 3935 1277 4012; baseline -0.007 -13"><span class='ocrx_word' id='word_1_345' title='bbox 167 3947 246 4000; x_wconf 77' lang='lat' dir='ltr'><strong>victis</strong></span> <span class='ocrx_word' id='word_1_346' title='bbox 267 3944 429 4012; x_wconf 90' lang='lat' dir='ltr'><strong>Triphyliam</strong></span> <span class='ocrx_word' id='word_1_347' title='bbox 448 3947 475 3996; x_wconf 91' lang='lat' dir='ltr'><strong>et</strong></span> <span class='ocrx_word' id='word_1_348' title='bbox 493 3942 620 4011; x_wconf 80' lang='lat' dir='ltr'><strong>Cyllenen</strong></span> <span class='ocrx_word' id='word_1_349' title='bbox 639 3942 756 4003; x_wconf 86' lang='lat' dir='ltr'><strong>adimunt</strong></span> <span class='ocrx_word' id='word_1_350' title='bbox 1122 3938 1174 3991; x_wconf 89' lang='grc'><strong>399</strong></span> <span class='ocrx_word' id='word_1_351' title='bbox 1211 3935 1277 4005; x_wconf 64' lang='lat'><strong>052¹,</strong></span> 
     </span>
     <span class='ocr_line' id='line_1_49' title="bbox 132 4012 1087 4081; baseline -0.005 -11"><span class='ocrx_word' id='word_1_352' title='bbox 132 4016 289 4070; x_wconf 90' lang='lat' dir='ltr'><strong>Thimbroni</strong></span> <span class='ocrx_word' id='word_1_353' title='bbox 307 4029 445 4068; x_wconf 88' lang='lat' dir='ltr'><strong>successor</strong></span> <span class='ocrx_word' id='word_1_354' title='bbox 468 4014 544 4066; x_wconf 90' lang='lat' dir='ltr'><strong>datus</strong></span> <span class='ocrx_word' id='word_1_355' title='bbox 562 4015 721 4081; x_wconf 80' lang='lat' dir='ltr'><strong>Dercyltidas</strong></span> <span class='ocrx_word' id='word_1_356' title='bbox 738 4012 933 4066; x_wconf 77' lang='lat' dir='ltr'><strong>Pharnabazum</strong></span> <span class='ocrx_word' id='word_1_357' title='bbox 952 4015 979 4064; x_wconf 90' lang='lat' dir='ltr'><strong>et</strong></span> <span class='ocrx_word' id='word_1_358' title='bbox 997 4012 1087 4065; x_wconf 89' lang='lat' dir='ltr'><strong>Tissa-</strong></span> 
     </span>
    </p>

    <p class='ocr_par' dir='ltr' id='par_1_30' title="bbox 131 4078 1276 4225">
     <span class='ocr_line' id='line_1_50' title="bbox 166 4078 1276 4156; baseline -0.008 -16"><span class='ocrx_word' id='word_1_359' title='bbox 166 4089 293 4156; x_wconf 88' lang='lat' dir='ltr'><strong>phernem</strong></span> <span class='ocrx_word' id='word_1_360' title='bbox 312 4088 388 4153; x_wconf 85' lang='lat' dir='ltr'><strong>urget</strong></span> <span class='ocrx_word' id='word_1_361' title='bbox 406 4100 463 4152; x_wconf 87' lang='lat' dir='ltr'><strong>usq.</strong></span> <span class='ocrx_word' id='word_1_362' title='bbox 483 4085 516 4137; x_wconf 92' lang='lat' dir='ltr'><strong>ad</strong></span> <span class='ocrx_word' id='word_1_363' title='bbox 534 4101 556 4136; x_wconf 87' lang='lat' dir='ltr'><strong>a.</strong></span> <span class='ocrx_word' id='word_1_364' title='bbox 1124 4079 1175 4132; x_wconf 80' lang='lat'><strong>397</strong></span> <span class='ocrx_word' id='word_1_365' title='bbox 1213 4078 1276 4132; x_wconf 89' lang='grc'><strong>954</strong></span> 
     </span>
     <span class='ocr_line' id='line_1_51' title="bbox 131 4150 1088 4225; baseline -0.008 -15"><span class='ocrx_word' id='word_1_366' title='bbox 131 4159 277 4225; x_wconf 76' lang='lat' dir='ltr'><strong>Aqasiiaus,</strong></span> <span class='ocrx_word' id='word_1_367' title='bbox 296 4154 382 4223; x_wconf 88' lang='lat' dir='ltr'><strong>Agide</strong></span> <span class='ocrx_word' id='word_1_368' title='bbox 400 4155 479 4207; x_wconf 89' lang='lat' dir='ltr'><strong>fratre</strong></span> <span class='ocrx_word' id='word_1_369' title='bbox 498 4158 600 4207; x_wconf 88' lang='lat' dir='ltr'><strong>mortuo</strong></span> <span class='ocrx_word' id='word_1_370' title='bbox 617 4154 645 4205; x_wconf 93' lang='lat' dir='ltr'><strong>in</strong></span> <span class='ocrx_word' id='word_1_371' title='bbox 658 4154 745 4207; x_wconf 92' lang='lat' dir='ltr'><strong>locum</strong></span> <span class='ocrx_word' id='word_1_372' title='bbox 757 4152 936 4221; x_wconf 88' lang='lat' dir='ltr'><strong>Leotychidis,</strong></span> <span class='ocrx_word' id='word_1_373' title='bbox 954 4150 1048 4220; x_wconf 80' lang='lat' dir='ltr'><strong>Agidis</strong></span> <span class='ocrx_word' id='word_1_374' title='bbox 1060 4151 1088 4214; x_wconf 83' lang='lat' dir='ltr'><strong>t,</strong></span> 
     </span>
    </p>

    <p class='ocr_par' dir='ltr' id='par_1_31' title="bbox 167 4223 1087 4292">
     <span class='ocr_line' id='line_1_52' title="bbox 167 4223 1087 4292; baseline -0.009 -10"><span class='ocrx_word' id='word_1_375' title='bbox 167 4245 215 4282; x_wconf 84' lang='lat' dir='ltr'><strong>rex</strong></span> <span class='ocrx_word' id='word_1_376' title='bbox 232 4226 330 4281; x_wconf 88' lang='lat' dir='ltr'><strong>Laced.</strong></span> <span class='ocrx_word' id='word_1_377' title='bbox 350 4226 449 4290; x_wconf 86' lang='lat' dir='ltr'><strong>iactus,</strong></span> <span class='ocrx_word' id='word_1_378' title='bbox 471 4226 570 4278; x_wconf 91' lang='lat' dir='ltr'><strong>bellum</strong></span> <span class='ocrx_word' id='word_1_379' title='bbox 592 4226 620 4275; x_wconf 92' lang='lat' dir='ltr'><strong>in</strong></span> <span class='ocrx_word' id='word_1_380' title='bbox 638 4224 702 4277; x_wconf 91' lang='lat' dir='ltr'><strong>Asia</strong></span> <span class='ocrx_word' id='word_1_381' title='bbox 724 4224 867 4292; x_wconf 85' lang='lat' dir='ltr'><strong>gerendum</strong></span> <span class='ocrx_word' id='word_1_382' title='bbox 889 4224 1013 4292; x_wconf 87' lang='lat' dir='ltr'><strong>suscipit,</strong></span> <span class='ocrx_word' id='word_1_383' title='bbox 1035 4223 1087 4290; x_wconf 91' lang='lat' dir='ltr'><strong>Ly-</strong></span> 
     </span>
    </p>

    <p class='ocr_par' dir='ltr' id='par_1_32' title="bbox 133 4287 1277 4509">
     <span class='ocr_line' id='line_1_53' title="bbox 169 4287 1175 4351; baseline -0.012 -1"><span class='ocrx_word' id='word_1_384' title='bbox 169 4299 258 4351; x_wconf 87' lang='lat' dir='ltr'><strong>sandri</strong></span> <span class='ocrx_word' id='word_1_385' title='bbox 275 4298 304 4349; x_wconf 94' lang='lat' dir='ltr'><strong>in</strong></span> <span class='ocrx_word' id='word_1_386' title='bbox 323 4312 355 4348; x_wconf 89' lang='lat' dir='ltr'><strong>ea</strong></span> <span class='ocrx_word' id='word_1_387' title='bbox 372 4312 400 4348; x_wconf 91' lang='lat' dir='ltr'><strong>re</strong></span> <span class='ocrx_word' id='word_1_388' title='bbox 419 4297 537 4349; x_wconf 88' lang='lat' dir='ltr'><strong>consiliis</strong></span> <span class='ocrx_word' id='word_1_389' title='bbox 556 4310 650 4348; x_wconf 87' lang='lat' dir='ltr'><strong>usurus</strong></span> <span class='ocrx_word' id='word_1_390' title='bbox 1123 4287 1175 4339; x_wconf 89' lang='grc'><strong>396</strong></span> 
     </span>
     <span class='ocr_line' id='line_1_54' title="bbox 133 4356 1277 4438; baseline -0.014 -14"><span class='ocrx_word' id='word_1_391' title='bbox 133 4370 339 4438; x_wconf 81' lang='lat' dir='ltr'><strong>Tissaphernem</strong></span> <span class='ocrx_word' id='word_1_392' title='bbox 358 4366 440 4434; x_wconf 81' lang='lat' dir='ltr'><strong>fugat,</strong></span> <span class='ocrx_word' id='word_1_393' title='bbox 459 4367 569 4434; x_wconf 87' lang='lat' dir='ltr'><strong>Lydiam</strong></span> <span class='ocrx_word' id='word_1_394' title='bbox 587 4365 726 4433; x_wconf 87' lang='lat' dir='ltr'><strong>populatur</strong></span> <span class='ocrx_word' id='word_1_395' title='bbox 1124 4357 1176 4410; x_wconf 87' lang='grc'><strong>395</strong></span> <span class='ocrx_word' id='word_1_396' title='bbox 1213 4356 1277 4423; x_wconf 67' lang='grc'><strong>964,</strong></span> 
     </span>
     <span class='ocr_line' id='line_1_55' title="bbox 133 4431 1088 4509; baseline -0.009 -17"><span class='ocrx_word' id='word_1_397' title='bbox 133 4441 340 4509; x_wconf 88' lang='lat' dir='ltr'><strong>Tissaphernem</strong></span> <span class='ocrx_word' id='word_1_398' title='bbox 359 4438 487 4506; x_wconf 89' lang='lat' dir='ltr'><strong>supplicio</strong></span> <span class='ocrx_word' id='word_1_399' title='bbox 506 4436 627 4491; x_wconf 84' lang='lat' dir='ltr'><strong>affectum</strong></span> <span class='ocrx_word' id='word_1_400' title='bbox 647 4437 801 4489; x_wconf 75' lang='lat' dir='ltr'><strong>Tithrausten</strong></span> <span class='ocrx_word' id='word_1_401' title='bbox 818 4436 924 4488; x_wconf 87' lang='lat' dir='ltr'><strong>secutus</strong></span> <span class='ocrx_word' id='word_1_402' title='bbox 940 4432 1043 4503; x_wconf 78' lang='lat' dir='ltr'><strong>legatos</strong></span> <span class='ocrx_word' id='word_1_403' title='bbox 1061 4431 1088 4483; x_wconf 93' lang='lat' dir='ltr'><strong>iu</strong></span> 
     </span>
    </p>
   </div>
   <div class='ocr_carea' id='block_1_5' title="bbox 0 0 1543 5064">
    <p class='ocr_par' dir='ltr' id='par_1_33' title="bbox 0 0 1543 5064">
     <span class='ocr_line' id='line_1_56' title="bbox 0 0 1543 5064; baseline 0 0"><span class='ocrx_word' id='word_1_404' title='bbox 0 0 1543 5064; x_wconf 95' lang='lat' dir='ltr'><strong> </strong></span> 
     </span>
    </p>
   </div>
  </div>
 </body>
</html>
