3062 5064
1122 579 1143 609 s.
1156 569 1206 610 Chr.
1218 581 1241 610 n.

165 616 234 688 Agrii
254 618 366 673 iliorum
388 619 495 684 liberat,
523 632 620 689 sosque
643 634 733 674 omnes
757 623 861 690 praeter
883 621 1041 675 Onchestum
1064 626 1091 675 et

167 689 296 743 Thersiten
316 690 420 755 cecidit,
441 705 548 759 regnum
565 691 751 755 Andraemoni,
771 694 816 760 qui
834 692 915 746 Oenei
932 693 1011 745 liliam
1025 692 1090 746 Gor-

166 775 212 827 gen
230 777 334 814 morem
352 762 471 825 (inruat,
489 763 576 814 tradit
607 762 797 817 Andraemonis
816 764 833 815 f.
850 764 932 815 Tiona
944 765 1044 817 Aetolis
1063 765 1090 816 in

164 831 228 883 bello
246 833 357 884 Troiano
375 835 487 900 praeest.
583 863 612 891 ‚-

529 387 799 465 mir
944 432 947 437 ,
1413 296 1502 457 l

1500 544 1502 659 l

108 968 128 1022 l.
150 971 282 1022 DORICA
300 987 365 1040 gens
382 972 540 1040 aliquamdiu
552 972 660 1026 incertis
674 973 780 1025 sedibus
792 978 902 1041 vagatur
913 974 941 1025 in
954 974 1091 1026 Thessalia

151 1039 247 1104 (Herod.
268 1044 291 1107 l,
311 1043 366 1107 56),
385 1058 437 1111 quo
456 1048 571 1110 tempore
584 1044 734 1107 Tectamus,
753 1044 816 1095 Dori
834 1044 860 1107 l,
879 1045 1045 1097 Doriensium
1063 1048 1090 1097 et
1187 1074 1190 1079 ·

150 1111 301 1165 Achaeorum
320 1115 447 1166 coloniam
468 1113 571 1167 Cretam
589 1115 697 1167 duxisse
716 1114 826 1167 traditur
845 1114 898 1182 (ap.
917 1116 993 1167 Diod.
1006 1118 1032 1179 4,
1046 1115 1089 1168 60.

151 1182 172 1246 5,
184 1181 232 1247 80),
250 1184 446 1252 eiusquefilius
464 1184 587 1237 Asterion
605 1186 736 1252 Europam
754 1185 869 1238 duxisse.
1150 1196 1153 1200 ·

121 1251 226 1306 Herculis
243 1255 369 1307 beneficio
387 1258 483 1308 terram
502 1261 578 1307 antea
596 1257 772 1324 aDryopibua
792 1257 933 1308 habitatum
951 1255 984 1309 ad
997 1256 1089 1308 Oetam

152 1326 174 1374 et
194 1324 346 1378 Parnassum
370 1332 470 1379 montes
497 1326 629 1393 possedit,
656 1328 702 1380 ubi
724 1331 846 1394 quattuor
868 1329 947 1379 urbes
969 1327 1089 1391 Eriueus,

149 1393 239 1459 Boium,
256 1397 365 1460 Pindus,
384 1397 525 1464 Cytinium.
1069 1444 1072 1447 .

121 1462 199 1531 Ituque
217 1467 366 1519 Heraclidae
385 1468 594 1535 ePeloponneso
612 1467 682 1534 pulsi
700 1468 733 1518 ad
746 1468 830 1520 Dores
850 1470 908 1521 sese
926 1473 1088 1537 receperunt,

150 1535 310 1605 lierculisque
328 1539 432 1606 posteri
445 1539 576 1606 principes
595 1538 693 1590 Dorum
712 1544 858 1591 censentur.

111 1671 131 1724 3.
155 1673 237 1730 Gentes
253 1678 498 1730 ACHAEORUM
512 1683 538 1730 et
550 1679 681 1730 IONUM
695 1679 733 1731 sic
753 1683 778 1730 et
796 1680 863 1730 inter
882 1694 910 1731 se
930 1683 956 1731 et
974 1695 1033 1730 cum
1050 1694 1090 1731 re·

154 1744 219 1814 liquis
236 1750 380 1803 Hellenicis
399 1750 502 1818 populis
522 1750 683 1816 copulantur,
703 1758 731 1803 ut
747 1751 856 1811 Xurtnc,
875 1750 992 1801 Hellenis
1011 1749 1089 1813 iilius,

153 1831 165 1867 e
182 1817 311 1873 Thessalia
328 1821 456 1887 migrasse
475 1822 502 1872 in
521 1820 633 1872 Atticam
653 1821 805 1888 (tetrapolin
825 1824 939 1881 tienoen,
963 1821 1090 1872 llaratho-

151 1901 209 1952 nem,
221 1890 424 1953 Probalinthum,
438 1891 630 1957 Tricorythum)
645 1898 672 1943 et
685 1892 822 1943 Erechthei
834 1893 904 1960 regis
917 1891 996 1943 filiam
1011 1891 1090 1943 Greu-

150 1972 199 2011 sam
215 1961 329 2026 duxisse,
348 1978 382 2015 ex
400 1976 481 2028 aeque
500 1963 580 2015 Iouem
600 1969 627 2014 et
645 1964 767 2013 Achaeum
787 1977 938 2029 procreasse
958 1964 1066 2015 dicatur.

120 2025 206 2081 Horum
223 2038 331 2100 uterque
350 2049 383 2084 ex
400 2034 490 2084 Attica
506 2033 597 2094 eiecti;
615 2034 662 2085 Ion
679 2034 706 2084 in
724 2033 903 2100 Peloponneso
922 2039 1017 2086 terram
1035 2038 1090 2085 tum

147 2099 281 2222 Eilegr‘alum,
308 2119 368 2155 mox
386 2103 486 2155 leniam
504 2104 612 2167 dictam,
637 2104 714 2156 dueta
733 2104 836 2168 Helice,
856 2106 925 2173 regis
945 2105 1090 2157 Selinuntio

172 2172 206 2236 ia,
228 2175 375 2241 occupavit.
503 2183 506 2190 '

118 2239 217 2294 Acium
233 2245 259 2296 in
278 2244 444 2297 Thessaliam
461 2245 610 2302 revertisse,
629 2244 676 2295 sed
694 2245 750 2296 eius
768 2244 816 2296 filii
834 2247 979 2297 Archander
997 2249 1024 2297 et
1041 2246 1090 2296 Ar·

147 2313 237 2366 cliteles
259 2316 286 2368 in
308 2315 516 2383 Peloponnesum
539 2320 567 2366 et
588 2315 640 2382 ipsi
658 2314 785 2382 migrasse
804 2316 937 2380 dicuntur,
962 2323 988 2368 et
1007 2316 1102 2370 Danai,

148 2387 229 2450 generi
246 2386 312 2439 facti
329 2402 374 2455 per
392 2386 543 2452 Argolidem
568 2390 595 2438 et
613 2385 768 2440 Laconicam
787 2387 838 2439 late
857 2388 1001 2451 habitasse,
1024 2387 1089 2439 adeo

148 2457 174 2505 nt
189 2455 350 2510 Achaeorum
367 2458 395 2509 in
412 2458 593 2524 Peloponneso
613 2471 705 2508 nomen
724 2458 869 2510 invaluerit.
1063 2514 1067 2521 ,

118 2520 157 2575 Ion
173 2533 254 2579 autem
272 2545 287 2580 e
308 2529 489 2596 Peloponneso
507 2528 605 2580 aumlic
623 2531 731 2581 vocatus
749 2528 895 2581 Atticorum
913 2530 940 2580 in
959 2528 1027 2580 bello
1045 2527 1089 2581 ad-

147 2610 230 2650 versus
242 2599 392 2652 Eleusinios
411 2600 464 2659 dux
482 2599 575 2662 tectus,
595 2598 659 2650 adeo
678 2603 707 2650 ut
724 2613 818 2651 nomen
830 2600 922 2652 lenum
934 2599 1029 2650 Atticis
1043 2600 1089 2650 im·

145 2673 276 2732 poneretur
952 2685 1005 2722 sec.
1022 2669 1085 2723 Eus.
1123 2671 1220 2735 (1334)

101 2799 135 2854 Ab
151 2807 437 2874 AMPHIGTYONE,
458 2808 576 2863 Hellenis
603 2811 658 2862 sire
681 2809 760 2863 fratre
783 2811 838 2863 sire
861 2810 927 2874 filio,
954 2823 1088 2871 commune
1182 2832 1184 2835 ·

130 2878 249 2943 quoddam
267 2882 408 2934 concilium
427 2882 563 2934 duodecim
581 2882 697 2951 gentium
717 2881 872 2933 Graecarum
892 2882 1088 2945 (Phocensium,

129 2944 270 3016 Locrorum,
294 2952 437 3020 Dolopum,
461 2951 618 3016 Aenianum,
643 2948 805 3007 Achaeorum
822 2952 1013 3016 Phthiotarnm,
1036 2953 1089 3004 Ma-

130 3015 258 3086 leeusinm,
282 3023 445 3091 Magnetum,
469 3024 686 3085 Perrhaeborum,
707 3022 905 3086 Thessalorum,
924 3022 1089 3086 Boeotorum,

129 3087 225 3157 Dorum,
245 3094 354 3157 Ionum)
374 3095 520 3146 institutum
539 3095 661 3158 traditur,
686 3093 718 3145 ad
737 3093 806 3160 quod
824 3093 865 3144 bis
883 3094 910 3147 in
929 3108 996 3146 anno
1016 3094 1088 3160 Pylis

128 3157 336 3232 (Thermopylis)
355 3168 382 3217 et
400 3165 507 3232 Delphis
527 3166 606 3233 legati
625 3160 808 3235 (noiaydpar)
827 3166 1023 3217 conveniebant.

100 3223 283 3302 Amphictyonis
303 3234 372 3288 filius
385 3237 478 3299 Irenae,
496 3236 573 3289 huius
590 3237 701 3288 Boeotus·
718 3235 836 3298 traditur,
853 3235 887 3288 ad
906 3253 982 3304 quem
1001 3239 1090 3287 aucto·

28 3302 30 3305 ’
128 3315 176 3354 rem
193 3305 351 3359 Boeotorum
370 3308 440 3359 natio
459 3322 542 3374 genus
561 3322 705 3375 nomenque
724 3307 810 3360 refert.

99 3366 192 3424 Praeter
212 3377 277 3430 haec
303 3378 419 3445 gentium
441 3377 592 3430 discrimina
613 3379 810 3446 principumque
833 3377 987 3430 familiarum
1010 3391 1087 3429 casus

126 3446 341 3515 emigrationes,
361 3449 507 3501 communia
524 3449 650 3517 quaedam
669 3454 791 3502 notantur
809 3449 885 3501 haec:
976 3494 978 3497 .

98 3508 178 3579 Minos,
196 3519 240 3584 qui
257 3518 329 3571 filius
348 3518 418 3572 Iovis
437 3524 463 3571 et
481 3519 608 3586 Europae,
628 3516 766 3573 Phoenicis
785 3518 861 3582 filiae,
885 3519 966 3572 fuisse
986 3519 1088 3582 dicitur,

128 3581 218 3639 (inessi
237 3590 265 3641 in
285 3588 364 3642 Creta
381 3593 480 3658 regnat,
500 3586 578 3642 armis
597 3593 703 3658 potens,
727 3591 799 3658 leges
818 3591 1011 3657 religionesque
1028 3604 1089 3640 con·

126 3653 193 3721 dens,
211 3661 276 3712 mari
293 3661 432 3727 imperans,
1015 3661 1103 3712 eirca·
1122 3660 1221 3723 (1300)

96 3718 189 3779 Fratres
206 3731 303 3783 Minois
321 3731 533 3798 Rhadamanthys
552 3734 579 3783 et
597 3730 739 3799 Sarpedon,
758 3730 855 3797 Lyciae
874 3730 1000 3782 eonditor.

97 3788 148 3847 Filii
164 3798 326 3869 Androgeos,
346 3803 377 3854 ab
396 3803 493 3858 Atticis
509 3803 689 3869 interemptus,
708 3802 860 3865 Deucalion,
878 3801 971 3853 Molusss

97 3859 251 3948 Deucalionis
270 3871 307 3922 fil.
320 3871 483 3937 Idomeneus,
502 3873 565 3925 Moli
576 3873 706 3932 Meriones
718 3871 887 3925 Cretensibus
901 3872 929 3924 iu
941 3871 1087 3925 belloTro·

124 3951 178 3990 rano
194 3947 330 4008 praesunt.
1003 3976 1006 3983 -

95 4069 120 4124 In
135 4076 189 4144 ipsa
207 4080 322 4134 Graecia
339 4082 525 4147 Orchomenus,
544 4084 605 4137 urbs
624 4082 777 4150 liinyarum,
794 4080 871 4135 floret
1119 4084 1221 4153 (1250)

96 4140 160 4194 Orias
177 4153 285 4201 civitatis
304 4155 375 4213 primi
393 4168 463 4214 reges
475 4157 604 4203 traduntur
615 4156 689 4203 icisse
701 4154 819 4214 Andreue,
838 4153 913 4202 Penei
925 4155 1003 4203 amnis
1014 4154 1088 4218 iilius,

122 4223 144 4265 et
161 4222 211 4269 eius
230 4230 276 4272 ant
295 4223 408 4285 Cephissi
426 4228 505 4273 amuis
522 4228 540 4273 f.
558 4226 681 4284 Eteocles,
703 4227 746 4284 qui
765 4224 905 4275 Gratiarum
922 4225 1015 4274 cultum
1032 4227 1088 4273 reli·
1109 4232 1110 4235 ’

120 4291 210 4347 mosum
229 4296 367 4343 instituisse
384 4297 470 4344 fertur.

92 4352 126 4403 Ad
140 4361 182 4410 hoa
200 4362 305 4428 Sisyphi
322 4368 340 4412 f.
358 4365 445 4415 Almus
463 4365 560 4430 (gentis
576 4363 707 4428 Aeolicus)
725 4367 847 4427 migravit,
872 4366 983 4427 filiusque
1000 4366 1089 4415 hebuit

120 4427 311 4497 thsogsnium
329 4443 354 4485 et
370 4435 489 4498 Chrysen.
518 4438 699 4500 Chrysogeuiae
717 4443 742 4484 et
758 4438 844 4485 Martis
861 4438 879 4483 f.
896 4437 1016 4499 Phlepyaa
1033 4451 1088 4485 sue·
