3062 5064
231 375 287 421 xvi
713 367 752 420 De
769 369 909 421 6661611166
960 414 963 417 .

232 543 307 597 initio
325 543 389 596 belli
406 543 516 597 secundi
532 544 626 601 Punici
643 545 749 616 longius
768 552 918 614 excurrunt,
937 562 1015 618 quam
1032 549 1066 603 ad
1083 549 1169 606 Paulli
1179 554 1220 607 -de
1237 552 1397 611 Macedonia

231 629 521 697 triumphum‚a.16'l.
564 631 749 700 Veruntamen,
771 636 842 703 quod
859 637 1027 705 gaudeamus,
1049 653 1093 690 res
1116 638 1155 690 ita
1172 647 1324 709 comparata
1341 649 1396 710 est,
1469 664 1472 667 ·

233 719 262 769 ut
279 732 346 784 quae
364 717 468 769 Livium
486 718 657 784 antecedunt,
681 737 715 774 ex
732 722 833 789 Popili
854 724 973 789 quamvis
991 725 1140 789 succincta,
1164 732 1287 780 accurata
1301 732 1396 783 ’16111611

233 805 381 857 narratione
401 804 502 857 discere
521 807 661 874 possimus,
680 808 726 861 ubi
743 807 847 861 Livium
863 809 997 874 habemus,
1015 811 1141 864 nonnulla
1152 828 1186 865 ex
1198 817 1394 883 comparatione
1461 874 1464 879 ,
1502 843 1505 848 ·

233 888 329 943 Graeci
346 891 481 958 scriptoris
493 893 586 945 11161166
599 894 785 962 intelligamus.
814 895 868 948 Sed
879 899 941 963 post
951 896 1129 951 Macedoniam
1142 900 1287 953 subiectam
1299 918 1393 955 rursus
1452 968 1455 971 Δ
1501 919 1504 922 ’

232 975 265 1027 ad
277 974 420 1030 deteriores
438 979 625 1047 compellimur,
643 981 770 1048 imprimis
783 981 932 1048 Appianum,
951 1000 985 1036 ex
997 985 1072 1037 cuius
1083 985 1157 1039 libris
1171 990 1247 1039 sextu
1259 992 1393 1042 61661616
1424 1016 1427 1018 -
1508 1040 1511 1055 ,

232 1061 302 1124 (nam
320 1063 432 1131 septimo
451 1064 483 1117 de
495 1064 566 1117 bello
576 1065 750 1121 Hannibalico
762 1083 815 1120 non
829 1082 894 1136 opus
907 1069 968 1134 est),
987 1072 1033 1138 qui
1043 1072 1141 1140 integri
1154 1078 1304 1141 supersunt,
1323 1072 1394 1128 bella
1442 1057 1447 1107 ἶ

231 1148 259 1200 16
271 1149 398 1217 Hispania
415 1154 490 1218 gesta
509 1155 536 1203 et
548 1150 805 1221 Carthaginiensium
823 1155 914 1208 ultima
931 1155 985 1208 iata
1003 1158 1067 1210 satis
1081 1162 1152 1211 recte
1166 1159 1300 1214 discimus.
1332 1163 1392 1214 Plu·
1478 1160 1481 1162 ’

233 1237 313 1287 turchi
330 1252 364 1289 ax
382 1236 473 1288 eadem
491 1236 597 1305 periodo
612 1242 674 1291 sunl
691 1240 761 1294 vitae
773 1242 856 1306 Fabii,
875 1241 1000 1309 Marcelli,
1020 1245 1162 1309 Flaminini,
1180 1247 1274 1311 Paulli,
1290 1248 1393 1304 Catonis

231 1324 339 1387 maioris,
364 1339 398 1374 ex
420 1323 514 1390 quibus
533 1338 688 1393 quamquam
707 1340 760 1377 non
778 1341 841 1379 sana
861 1343 1018 1396 magnopere
1043 1345 1129 1382 rerum
1153 1333 1254 1400 copiam
1271 1334 1392 1386 intanta

168 1486 171 1493 ι
231 1407 301 1460 Livii
318 1409 440 1460 narrandi
452 1409 623 1477 amplitudine
637 1426 743 1479 augeas,
762 1413 842 1465 animi
854 1416 942 1466 tamen
955 1414 1158 1471 delectationem
1168 1433 1220 1470 non
1231 1419 1394 1472 mediocrem

232 1510 330 1549 ca1as.

263 1511 281 1563 p
303 1582 425 1637 Subactis
445 1583 590 1651 deletisque
602 1584 635 1637 iis
649 1584 809 1650 civitatibus,
827 1600 895 1653 quae
912 1589 1044 1640 6611611161
1057 1587 1089 1642 de
1101 1590 1247 1658 principatu
1258 1591 1390 1645 sustinere

230 1676 348 1739 possent,
366 1671 479 1750 populus
492 1671 624 1725 Romanus
643 1673 670 1725 in
690 1675 776 1738 puiata
794 1674 870 1741 quasi
888 1685 969 1726 aetate
987 1690 1043 1740 sua,
1063 1676 1124 1729 dum
1143 1681 1265 1730 externas
1281 1693 1324 1731 ras
1341 1677 1391 1730 lio·
1439 1669 1442 1673 ’
1476 1718 1479 1721 .
1511 1652 1512 1655 ¹

229 1759 322 1811 rebant
340 1760 366 1811 et
384 1758 553 1826 augebantur,
571 1760 825 1826 perniciosissimum
843 1760 940 1812 malum
958 1761 1075 1814 civilium
1092 1778 1222 1816 armorum
1239 1767 1267 1816 et
1277 1765 1351 1817 nasci
1363 1769 1416 1828 at-⁴

231 1845 373 1898 crudeliter
397 1859 478 1912 usque
503 1843 536 1895 ad
555 1844 690 1897 interitum
714 1845 844 1898 libertatis
863 1847 1073 1913 11666611111111,ι
1110 1848 1164 1901 Sed
1180 1850 1209 1901 in
1226 1848 1392 1918 1661116116-
1418 1852 1421 1859 ⁴

230 1945 364 1983 manorum
388 1933 523 1991 auctorum
546 1931 621 1998 copia
639 1931 727 1983 nullus
746 1934 834 1983 tamen
853 1935 981 2000 superest,
1007 1934 1052 2000 qui
1070 1935 1151 1986 totam
1167 1934 1235 1986 hanc
1253 1936 1392 2003 periodum
1469 1998 1472 2002 ¹

229 2020 351 2070 accurate
369 2019 478 2068 enarret.
508 2015 677 2069 Brevioribus
695 2017 819 2069 historiae
838 2018 988 2072 auctoribus
1007 2018 1109 2085 accedit
1126 2034 1174 2087 per
1191 2020 1258 2073 hanc
1276 2027 1392 2076 aetatem

237 2105 351 2168 Velleius,
370 2103 437 2155 libro
456 2102 581 2166 secundo,
601 2103 671 2165 (nam
689 2103 760 2171 prior
777 2118 860 2171 paene
873 2107 944 2156 totus
957 2104 1075 2169 interiit)
1093 2105 1188 2173 dignus
1200 2107 1229 2159 in
1240 2108 1391 2178 hacoperis
1432 2122 1434 2125 ·

118 2238 121 2244 .
230 2195 312 2260 parte,
331 2191 374 2244 cui
386 2191 521 2242 materiam
533 2190 637 2242 aliunde
650 2191 758 2258 petitam
772 2193 990 2258 superstruemus,
1008 2207 1068 2244 nam
1081 2206 1132 2260 quo
1145 2195 1252 2267 propius
1265 2196 1298 2248 ad
1310 2195 1392 2265 finem

232 2280 284 2333 sibi
302 2279 465 2347 propositum
485 2278 591 2340 (annum
610 2277 646 2331 30
664 2282 725 2346 post
743 2277 814 2340 Chr.)
834 2278 966 2343 adventat,
983 2294 1014 2332 eo
1032 2280 1117 2348 magis
1136 2280 1279 2334 adulationi
1295 2282 1391 2336 domus
1422 2283 1425 2289 “

230 2367 384 2436 principalis
403 2365 492 2418 servit.
533 2364 589 2417 iam
612 2366 723 2432 primum
746 2365 809 2418 belli
826 2362 979 2418 Numantini
1002 2370 1199 2435 ceterorumque
1216 2369 1243 2421 in
1261 2369 1391 2437 Hispania

230 2457 364 2522 gestorum
383 2456 475 2504 auctor
493 2454 566 2503 extat
582 2452 727 2518 Appianas,
751 2452 818 2504 libro
838 2456 923 2506 sexto.
963 2453 1036 2505 Idem
1056 2453 1221 2508 Gracchanas
1245 2455 1390 2510 seditiones

229 2541 305 2593 initio
323 2540 436 2608 quinque
454 2539 579 2593 librorum
597 2541 626 2591 de
645 2541 715 2591 bellis
726 2541 840 2590 civilibus
853 2541 992 2605 enarravit,
1011 2555 1095 2609 neque
1107 2544 1194 2593 16111611
1207 2545 1260 2594 tam
1272 2543 1389 2610 copiose,

230 2642 308 2694 quam
326 2627 461 2690 vellemus,
480 2629 557 2695 alque
576 2628 633 2695 ipse
647 2626 740 2679 deinde
752 2626 780 2677 in
793 2624 915 2678 (laesuris
928 2641 987 2678 cum
1001 2627 1136 2695 Pompaio,
1154 2627 1263 2680 Antomi
1275 2628 1390 2682 610616-

230 2713 301 2765 viani
320 2728 378 2765 cum
396 2713 478 2766 Bruto
498 2714 574 2767 bellis
591 2712 769 2766 describendis
793 2712 856 2764 iecit
881 2711 955 2773 (nam
973 2727 1005 2765 eo
1024 2729 1101 2781 opere
1119 2715 1252 2767 turbarum
1271 2715 1390 2769 civilium

229 2800 366 2853 historiam
385 2815 467 2868 usque
487 2800 520 2852 ad
538 2801 599 2853 Sex.
613 2801 766 2868 Pompeium
784 2797 894 2851 iudeis
913 2800 1031 2852 occisum
1049 2817 1072 2852 a.
1091 2799 1125 2853 35
1144 2805 1298 2868 persecutus
1317 2801 1385 2867 est):

228 2887 316 2955 itaque
334 2886 484 2938 Plutarchus
502 2886 535 2938 ad
552 2891 640 2955 partes
660 2887 805 2950 vocandus,
828 2885 857 2938 in
874 2886 936 2939 ritis
954 2890 1080 2953 usuraque
1101 2887 1215 2940 Gracchi.
1257 2889 1390 2957 Iugurthi-

229 2989 291 3025 num
313 2973 411 3027 ballum
433 2974 579 3026 luculenter
601 2974 708 3041 scripsit
729 2973 874 3025 Sallustius.
922 2973 1051 3040 Deinceps
1074 2974 1168 3026 iterum
1194 2976 1390 3044 coniunguntur

228 3060 379 3111 Plutarchus
396 3063 423 3112 61
439 3061 583 3127 Appianas,
609 3059 959 3125 cumulatissimum,
982 3061 1084 3112 Luculli
1101 3062 1182 3126 vitas,
1205 3062 1259 3125 hic,
1283 3066 1390 3131 praeter

229 3146 325 3200 bellum
345 3147 443 3199 sociale
464 3147 584 3199 61611116
602 3147 754 3209 Marianum,
774 3146 852 3197 6116111
863 3147 1064 3207 Mithridaticum
1082 3147 1209 3215 singulari
1226 3148 1315 3219 libello
1333 3164 1389 3201 me·

228 3233 326 3284 moriae
345 3231 496 3299 prodiderit.
1002 3232 1007 3256 ‘

299 3318 354 3371 Sed
371 3319 403 3370 ab
422 3318 536 3371 61111666
551 3335 573 3372 a.
587 3317 656 3382 Oba,
676 3316 727 3370 686
741 3334 766 3369 u.
780 3335 803 3371 6.
821 3319 849 3371 16
862 3319 959 3372 maiora
971 3319 1030 3372 luca
1043 3320 1141 3373 1616611
1159 3321 1306 3388 incipimus,
1326 3336 1387 3375 cum

227 3422 275 3474 per
291 3408 397 3458 Diouem
418 3406 536 3471 Cassium,
555 3407 630 3460 cuius
648 3404 731 3469 libris,
755 3405 801 3472 qui
818 3405 915 3474 integri
934 3405 966 3457 ad
985 3408 1101 3458 nostram
1119 3408 1231 3458 aetatem
1250 3402 1399 3471 venerunt

228 3491 354 3557 sa—sc‚
373 3491 498 3560 quidquid
517 3486 615 3561 perti
635 3508 717 3545 annos
736 3493 779 3555 66
797 3509 820 3546 a.
840 3491 874 3545 66
893 3507 976 3559 usquc
994 3491 1028 3544 61
1048 3492 1081 3546 16
1099 3509 1122 3544 a.
1137 3492 1213 3558 cu.)
1232 3493 1301 3545 comi
1319 3493 1387 3545 min·
1487 3476 1497 3573 ζ

227 3580 332 3647 tiaeque
351 3582 454 3648 gestum
473 3582 526 3644 est,
553 3580 733 3647 copiosissime
753 3582 900 3642 enarratur,
923 3581 979 3631 tum
996 3592 1058 3630 1616
1077 3594 1163 3631 rerum
1181 3580 1296 3632 civilium
1317 3580 1387 3631 ordi·
1485 3578 1497 3641 ξ

227 3682 288 3719 uem
300 3669 327 3719 et
338 3681 431 3719 causas
443 3666 511 3719 haud
524 3667 603 3734 paulo
615 3666 755 3721 iucundius
768 3664 893 3731 (fortasse
906 3665 983 3717 etiam
996 3665 1099 3732 mallus,
1118 3681 1178 3720 cum
1191 3665 1283 3718 Dionis
1298 3664 1386 3719 Cassii
1484 3664 1491 3706 ·'

228 3754 329 3807 animus
346 3769 364 3805 a
376 3752 502 3806 Cicerone
521 3753 667 3821 ceterisque
686 3752 814 3806 libertatis
832 3752 1069 3823 propugnatoribus
1086 3753 1165 3820 paulo
1184 3752 1292 3805 alienior
1303 3750 1385 3805 161666

227 3839 356 3904 rideatur)
375 3856 408 3892 ex
423 3840 545 3894 Ciceronis
563 3840 702 3895 clarissimi
719 3840 820 3908 ingenii
837 3838 1011 3892 monumentis
1030 3840 1224 3908 cognoscimus,
1242 3839 1317 3892 euius
1335 3841 1385 3905 cpi-

227 3929 297 3980 stolis
320 3929 346 3979 61
368 3929 519 3979 arationibus
540 3930 667 3996 perpetua
690 3927 816 3996 quaedam
839 3927 896 3979 eius
918 3926 1058 3994 temporis,
1081 3929 1219 3994 postquam
1242 3927 1300 3994 ipse
1317 3926 1385 3979 inter
1479 3968 1485 3989 ,

227 4014 359 4082 principes
379 4014 493 4066 civitatis
511 4015 641 4068 numerari
659 4018 767 4083 coeptus
791 4015 832 4066 est
850 4013 968 4080 (praetor
987 4012 1029 4077 66,
1047 4027 1102 4065 666.
1120 4008 1163 4077 63,
1181 4010 1385 4077 1161143111-
1483 4026 1489 4035 ·

227 4101 309 4153 storia
327 4101 488 4154 continetur:
512 4118 569 4154 eam
588 4117 649 4154 varo
668 4118 731 4168 ram,
751 4101 783 4154 de
801 4116 853 4168 qua
872 4100 963 4152 consul
981 4102 1086 4168 togatus
1105 4100 1217 4152 maxime
1236 4103 1264 4152 et
1279 4098 1385 4168 gloriari

227 4188 329 4241 solebat
351 4191 378 4240 et
400 4188 559 4253 merebatur,
582 4189 738 4242 vindicatam
762 4191 789 4240 et
811 4188 940 4240 (1616616111
962 4187 1085 4239 Catilinas
1108 4186 1327 4251 coniurationem,
1351 4201 1385 4237 ex
1483 4224 1489 4233 .

226 4276 357 4342 Sallustii,
387 4276 549 4328 161661661111
572 4276 721 4343 scriptoris,
749 4276 882 4328 luculenta
905 4274 1051 4328 narratione
1075 4273 1203 4325 1161111116.
1245 4273 1300 4325 Iam
1323 4286 1383 4324 1616

230 4363 331 4428 066661,
350 4377 416 4431 quae
434 4363 504 4415 bella
520 4364 548 4415 in
562 4362 649 4415 Gallia
668 4365 694 4416 et
712 4365 803 4415 contra
820 4362 973 4430 Pompeium
992 4360 1084 4429 gessit,
1102 4360 1161 4428 ipse
1174 4359 1290 4427 scripsit,
1309 4361 1336 4412 et
1347 4358 1384 4412 ita
1487 4374 1495 4387 ·

227 4450 343 4519 scripsit,
365 4453 395 4504 ut
413 4463 490 4519 quam
508 4449 619 4518 gloriam
636 4450 704 4502 inter
726 4449 895 4517 imperatores
913 4447 991 4501 rebus
1011 4446 1133 4515 gerendis
1152 4445 1255 4513 meruit,
1274 4444 1382 4501 eandem
