3012 5062
219 466 254 522 84
687 464 796 512 Annales
813 464 917 511 Romani

220 646 298 687 ectr.
347 654 394 685 ua.

455 695 530 748 Philo
544 694 605 747 dict.
625 692 728 757 dicitur,
745 693 781 745 M.
793 693 937 761 Pomponio
951 692 1072 744 Mathone
1091 707 1159 760 mag.
1178 707 1228 759 eq,
1246 691 1293 759 qui
1310 694 1396 759 post

457 782 534 834 quam
552 766 616 817 vitio
634 765 697 816 tacti
716 764 877 829 abdicarunt,
896 765 1043 832 interreges
1063 763 1145 815 creati
1163 766 1232 816 sunt

236 841 289 894 ⁸210
337 837 391 893 538
427 837 488 890 Cos.
502 837 528 889 C.
542 836 760 900 TereariasVarro,
780 836 812 887 L.
825 836 946 887 Aemilius
958 835 1063 885 Paullus
1074 834 1110 884 II
1125 835 1200 886 ambo
1213 832 1311 885 bellum
1324 832 1396 885 adv.

456 908 541 961 Haun.
559 909 587 959 iu
606 907 701 975 Apulia
720 910 814 975 gerunt
832 905 849 959 8
867 906 1016 974 legionibus
1034 904 1109 957 Rom.
1128 908 1155 957 et
1174 906 1307 959 sociorum
1325 906 1397 972 pari

456 993 571 1031 numero.
617 978 661 1030 Fit
684 993 774 1046 pugna
796 993 819 1029 a.
842 977 867 1029 d.
891 977 928 1029 IV
952 976 1020 1029 Nou.
1045 975 1107 1028 Sex.
1131 977 1167 1026 od
1190 976 1304 1038 Cannae,
1335 990 1398 1042 qua

456 1050 530 1102 Rom.
554 1050 592 1102 ita
614 1051 764 1113 vincuntur,
789 1052 820 1100 ut
841 1048 919 1116 pauci
937 1047 1000 1116 fuga
1023 1044 1136 1115 dispersi
1158 1046 1301 1098 evaderent
1323 1062 1396 1098 cum

458 1119 487 1173 C.
507 1120 644 1184 Terentio,
670 1119 752 1171 multo
770 1120 853 1171 maior
870 1134 931 1187 pars
951 1134 1011 1170 cum
1029 1118 1111 1170 altero
1129 1132 1183 1169 coa
1208 1121 1234 1171 et
1253 1117 1302 1168 Cu.
1322 1116 1397 1169 Ser-

457 1192 519 1243 rilio
542 1206 646 1260 procos.
670 1195 698 1244 et
720 1191 753 1242 M.
777 1190 891 1242 Minucio
915 1189 1074 1242 caederetur.
1121 1186 1244 1255 Sequitur
1267 1187 1398 1241 deiectio

456 1263 537 1314 totius
560 1262 613 1313 tere
636 1261 727 1313 Italiae
757 1261 888 1312 inferioris
915 1260 1170 1328 Campanorumque,
1198 1261 1224 1310 et
1246 1258 1397 1326 aliquanto

456 1335 517 1401 post
535 1332 623 1384 clades
642 1332 672 1383 L.
691 1332 820 1383 Postumii
838 1332 928 1384 Albini
951 1346 1006 1384 eos.
1025 1330 1127 1398 design.
1146 1331 1173 1381 in
1192 1329 1285 1382 Galba.
1335 1328 1397 1382 Rc

457 1419 514 1455 mae
537 1419 552 1454 a
576 1405 695 1455 dictatore
712 1402 750 1453 M.
770 1403 842 1453 Iunio
861 1403 928 1454 Pera
946 1402 995 1465 (m.
1014 1416 1054 1468 eq.
1074 1401 1115 1452 Ti.
1140 1400 1273 1467 Semproni.
1301 1399 1398 1454 Grac·
1448 1458 1453 1469 Ι

457 1474 530 1537 chus,
554 1474 599 1540 qui
616 1473 685 1525 idem
703 1473 759 1524 aed.
779 1489 833 1525 cur.
852 1470 925 1535 erat)
949 1472 966 1525 4
985 1488 1067 1524 norae
1090 1472 1161 1539 legg.
1180 1471 1399 1524 conscribuntur

457 1550 484 1597 et
502 1543 573 1597 8000
592 1545 660 1596 servi
678 1544 785 1597 volones
805 1547 969 1596 sacramento
989 1543 1136 1611 adiguntur.
1168 1542 1350 1594 Hannibalem
1366 1544 1398 1595 iu

456 1615 598 1684 Campania
625 1618 758 1667 morantur
786 1617 812 1666 et
836 1615 947 1667 dictator
974 1617 1001 1666 et
1028 1614 1061 1667 M.
1086 1612 1210 1665 Claudius
1232 1612 1399 1679 Marcellus,

458 1690 563 1755 praeter
582 1686 615 1751 ll,
634 1685 716 1737 Nolae
735 1685 902 1754 praesidem,
927 1686 1010 1738 donec
1029 1685 1073 1736 ille
1093 1684 1207 1753 Capuam
1225 1684 1252 1735 in
1271 1684 1399 1737 hiberna

457 1758 586 1810 concedit.
615 1757 653 1808 M.
667 1758 761 1807 Fabiae
778 1757 862 1808 Boreo
880 1758 956 1809 iussu
974 1760 1081 1809 senatus
1101 1772 1116 1807 a
1134 1755 1167 1807 Μ.
1182 1755 1306 1806 Terentio
1328 1771 1396 1809 cos.

457 1828 569 1882 dictator
587 1828 682 1880 dicitur
701 1829 758 1879 sine
776 1843 844 1896 mag.
864 1844 904 1896 eq.
924 1832 1031 1880 senatus
1050 1825 1180 1894 explendi·
1192 1840 1278 1878 causa

491 1900 589 1952 Romae
607 1902 714 1967 propter
738 1899 873 1966 penuriam
897 1899 999 1967 argenti
1017 1898 1153 1966 rogatione
1170 1896 1203 1953 ll.
1222 1896 1334 1949 Minucii
1358 1901 1397 1950 tr.

456 1970 492 2038 pl.
516 1971 605 2023 lllriri
624 1970 747 2021 mensarii
765 1970 835 2021 iacti.
872 1968 988 2039 Legatos
1013 1968 1128 2036 Delphos
1140 1965 1261 2020 'mittitur
1281 1965 1311 2029 Q.
1336 1968 1396 2020 Fa-

456 2041 516 2092 bius
536 2041 632 2104 Pictor,
655 2056 741 2092 rerum
761 2041 882 2108 scriptor.
920 2040 993 2092 Duae
1012 2040 1130 2107 virgines
1142 2038 1261 2090 Vestales
1281 2038 1315 2090 ob
1339 2055 1398 2106 pu·

458 2111 573 2163 dicitiam
593 2111 691 2162 laesam
709 2112 928 2163 condemnantur:
954 2127 1006 2163 uua
1025 2111 1076 2163 sibi
1094 2111 1152 2177 ipsa
1170 2112 1279 2160 mortem
1297 2108 1396 2175 affert,

456 2182 538 2233 altera
556 2182 615 2233 viva
634 2182 766 2249 sepelitur.
804 2182 944 2249 Syracusis
964 2181 1072 2233 moritur
1090 2197 1137 2232 rex
1155 2180 1241 2232 Hiero.

238 2255 291 2309 ‘315
339 2246 391 2308 539
429 2251 489 2305 Cos.
512 2253 550 2303 Ti.
563 2252 720 2319 Sempronius
736 2253 870 2316 Gracchus,
893 2251 1030 2311 dicein
1048 2253 1155 2303 Maxim.
1171 2240 1396 2313 Vemeces.lII.)

146 2350 150 2357 ·
457 2323 555 2375 Romae
574 2324 600 2375 in
620 2322 732 2376 comitiis
756 2324 801 2375 uni
820 2323 922 2377 consuli
945 2324 973 2375 in
996 2323 1084 2375 locum
1102 2322 1132 2374 L.
1150 2321 1279 2373 Postumii
1298 2323 1397 2375 occisi

459 2394 624 2462 subrogando
647 2394 743 2449 habitis
765 2394 798 2445 M.
823 2393 961 2447 Marcellus
980 2393 1006 2446 II
1030 2397 1133 2445 creatus
1158 2396 1224 2456 erat,
1248 2391 1296 2443 sed
1322 2395 1397 2457 quia

457 2476 505 2516 tum
519 2468 623 2531 primum
647 2468 716 2516 ambo
740 2484 787 2516 coe.
805 2465 897 2531 plebeii
906 2466 994 2532 futuri
1004 2467 1128 2531 scissent,
1151 2464 1226 2530 quasi
1243 2462 1396 2531 religionis

456 2550 538 2589 causa
557 2536 663 2588 comitia
680 2536 898 2604 redintegrantur,
918 2540 944 2588 et
963 2533 1093 2588 sufficitur
1112 2533 1142 2598 Q.
1162 2534 1266 2589 Fabius.

494 2605 590 2659 Tribus
610 2607 768 2659 exercitibus
788 2621 841 2659 cos.
862 2609 888 2659 et
906 2606 939 2657 M.
952 2606 1091 2658 Marcellus
1111 2608 1250 2673 prorogato
1269 2605 1395 2672 imperio

458 2692 504 2745 pro
525 2690 578 2729 coa.
603 2677 630 2728 in
650 2676 791 2745 Campania
809 2677 964 2729 Hannibalis
989 2681 1099 2729 conatus
1118 2676 1275 2745 impediunt,
1300 2677 1396 2730 immo

459 2749 537 2800 etiam
555 2747 587 2800 M.
601 2748 678 2800 Marc.
697 2749 796 2816 primus
814 2763 939 2816 prospere
958 2763 1016 2800 cum
1036 2748 1127 2800 eodem
1146 2746 1180 2799 ad
1197 2746 1292 2799 Nolam
1309 2747 1396 2801 iusto
1504 2744 1505 2765 *

458 2818 556 2887 proelio
576 2818 707 2885 confligit:
726 2820 786 2872 iude
805 2819 890 2872 Haun.
909 2820 937 2872 in
950 2819 1071 2886 Apuliam
1090 2819 1231 2871 hiematum
1249 2819 1397 2885 concedit,

458 2905 508 2958 quo
527 2890 617 2942 eodem
636 2893 753 2957 tempore
772 2890 850 2942 Locri
873 2893 901 2942 et
918 2889 996 2942 Croto
1015 2892 1043 2942 in
1061 2893 1219 2958 potestatem
1237 2888 1320 2940 Poen.
1345 2906 1398 2943 ve·

456 2961 538 3014 uiuut.
569 2960 723 3013 Sardiniae
743 2961 773 3012 Τ.
793 2961 896 3025 Manlio,
916 2961 1019 3028 quibis
1039 2976 1094 3014 cos.
1113 2960 1205 3024 iuerat,
1224 2963 1287 3012 tunc
1306 2964 1398 3015 extra

457 3030 573 3084 ordinem
592 3032 619 3083 in
637 3032 724 3084 locum
737 3031 767 3095 Q.
780 3032 860 3084 Mucii
872 3031 1015 3084 Scaevolae
1033 3032 1194 3100 aegrotantis
1206 3031 1288 3083 misso
1301 3032 1396 3087 victis
1504 3048 1505 3055 ¹

457 3102 553 3155 Poenis
572 3102 745 3169 perdometur,
765 3104 828 3155 item
846 3104 874 3155 in
891 3103 1019 3170 Hispania
1036 3117 1079 3165 res
1099 3119 1114 3154 a
1133 3102 1301 3170 Scipionibus
1323 3118 1396 3170 pro·

459 3188 534 3241 spere
558 3177 690 3241 geruntur.
729 3172 815 3225 Callia
839 3175 864 3226 h.
883 3190 906 3225 a.
926 3175 1031 3229 omissa.
1073 3174 1153 3240 Resp.
1173 3173 1247 3224 Rom.
1265 3173 1396 3241 privato·

457 3258 514 3295 rum
534 3244 626 3311 opibus
646 3244 798 3296 sustinetur.
812 3271 846 3280 -
865 3245 919 3297 Sed
937 3245 964 3297 in
978 3243 1091 3297 Graecia
1102 3244 1235 3310 Philippus
1253 3259 1301 3295 rex
1321 3259 1395 3299 cum

457 3314 602 3366 Hannibale
626 3314 717 3367 foedus
741 3314 816 3379 facit,
841 3319 867 3368 et
891 3316 1030 3384 Syracusis
1054 3315 1226 3382 Hieronymus,
1254 3314 1394 3371 Hieronis

457 3399 548 3505 nepos,
567 3400 614 3436 rex
632 3384 717 3438 factus
736 3387 825 3438 statim
843 3387 958 3439 animum
971 3386 1003 3438 ad
1017 3386 1122 3439 easdem
1134 3389 1225 3454 partes
1237 3385 1374 3453 applicat

516 3469 548 3505 ex
568 3454 651 3522 Oppia
669 3455 698 3507 C.
719 3456 796 3524 Oppii
813 3461 845 3509 tr.
865 3457 899 3525 pl.
920 3458 951 3510 de
969 3457 1073 3509 luxuria
1090 3457 1236 3509 mulierum.

239 3525 291 3578 214
340 3523 393 3579 540
429 3522 489 3576 Cos.
517 3524 547 3583 Q.
571 3525 664 3576 Fabius
689 3527 760 3579 More.
782 3528 881 3580 Verruc.
898 3529 949 3592 IV,
977 3529 1016 3580 M.
1037 3528 1157 3579 Claudius
1174 3528 1312 3579 Marcellus
1340 3529 1401 3582 III

245 3633 248 3639 ,
459 3594 529 3658 (Lis.
543 3593 586 3659 24,
604 3594 645 3660 S),
664 3597 691 3648 in
711 3596 853 3666 Campania
866 3598 1011 3652 Casilinum
1030 3602 1183 3667 expugnant
1201 3601 1227 3651 et
1245 3597 1395 3655 Samnites

456 3670 608 3734 ceterosque
621 3667 767 3721 Poenorum
786 3672 873 3722 socios
891 3674 1003 3735 vastant,
1022 3669 1084 3721 dum
1096 3669 1227 3722 Hannibal
1244 3671 1397 3725 occasioni

456 3737 572 3790 intentus
591 3739 661 3791 cirea
680 3740 822 3792 Tarentum
840 3745 965 3794 versatur.
1002 3741 1142 3808 Syracusis
1161 3740 1324 3806 Hieronymo
1348 3742 1395 3796 in·

455 3809 565 3862 teriecto
583 3825 626 3862 res
645 3811 796 3875 turbantur,
820 3810 882 3864 dum
900 3812 997 3866 milites
1017 3816 1043 3864 et
1061 3811 1156 3880 vulgus
1174 3810 1313 3875 Punicam,
1348 3828 1396 3867 se·

457 3883 533 3933 natus
552 3880 626 3932 Rom.
646 3882 798 3934 societatem
817 3883 916 3935 volunt.
949 3883 1014 3936 Cum
1032 3883 1181 3950 superiores
1200 3881 1297 3934 milites
1316 3881 1396 3938 facti

421 3958 426 3965 '
457 3955 554 4015 essent,
573 3953 610 4003 M.
622 3953 759 4004 Marcellus
771 3968 825 4006 cos.
839 3954 866 4005 in
878 3954 997 4007 Siciliam
1011 3954 1145 4021 profectus
1157 3953 1298 4020 Syracusae
1309 3955 1396 4008 terra

458 4022 573 4089 murique
591 4040 733 4090 oppugnare
752 4026 838 4089 coepit,
864 4023 911 4076 sed
929 4026 985 4077 eius
1005 4025 1117 4091 impetus
1135 4022 1299 4076 Archimedis
1319 4039 1395 4094 ope-

458 4092 530 4144 ribus
549 4095 730 4159 reprimuntur.
772 4094 856 4147 Simul
874 4099 963 4148 tantae
975 4092 1072 4162 'copiae
1090 4095 1238 4147 Poenorum
1255 4109 1315 4146 cum
1339 4096 1394 4149 Hi·

458 4163 570 4214 milcone
589 4165 732 4228 mittuntur,
751 4169 781 4217 ut
798 4165 895 4217 bellum
907 4170 963 4219 tota
975 4165 1062 4219 insula
1074 4165 1263 4230 exardesceret.
1292 4163 1394 4220 Etiam

459 4248 518 4284 cum
538 4232 656 4301 Philippo
675 4236 771 4287 bellum
785 4236 879 4304 coepit,
898 4236 1064 4305 Apolloniam
1078 4236 1224 4299 obsidente,
1242 4235 1290 4288 sed
1302 4234 1393 4291 facile

458 4304 518 4355 inde
536 4304 670 4370 repellitur
689 4322 703 4357 a
721 4307 753 4357 M.
767 4306 871 4359 Valerio
890 4308 1014 4372 Laevino,
1033 4310 1116 4376 praet.
1135 4323 1158 4358 a.
1172 4305 1233 4369 215,
1251 4306 1297 4374 qui
1309 4306 1393 4362 Orici

457 4372 583 4426 hibernat.
624 4375 655 4427 ln
679 4376 806 4443 Hispania
827 4378 924 4431 bellum
949 4379 1019 4432 varie
1041 4391 1089 4446 per
1113 4377 1252 4445 Scipiones
1272 4378 1393 4446 geritur,

456 4444 502 4497 sed
522 4443 667 4513 Saguntum
685 4450 772 4499 tamen
789 4450 922 4516 recipitur.

493 4514 570 4569 Ceus.
590 4518 671 4569 creati
689 4517 722 4569 M.
741 4518 836 4571 Atilius
856 4520 974 4588 Regulus
993 4519 1023 4573 P.
1040 4519 1137 4577 Furius
1156 4518 1248 4571 Philus
1267 4518 1388 4574 lustrum
