3062 5064
471 425 558 474 Graeci
575 440 653 486 usque
671 429 703 476 ad
720 428 839 477 11111421
859 443 881 476 1.
889 402 949 477 Thr.
1021 432 1023 435 ’
1229 398 1234 402 ¹
1253 430 1288 487 25

128 654 334 709 Lacedaemonii
356 654 453 707 bellum
479 655 633 708 denuntiant
649 654 865 723 Atheniensibus,
891 659 918 709 ni
935 657 1086 711 Potidaeam
1108 603 1186 646 mmm
1204 605 1294 657 olymp-

165 727 298 789 omittant,
318 727 345 777 11
363 725 483 778 civitates
504 728 634 779 subiectas
653 728 773 780 1111111111
791 730 830 780 uti
847 729 986 796 patiantur.

129 796 234 865 Spretis
254 797 328 864 pacis
347 796 553 862 condicionibus,
571 798 655 865 primo
674 814 734 850 vere
752 797 839 862 (nocte
856 800 925 851 inter
941 799 1086 866 Elaphebo-

165 868 245 920 lionis
266 867 290 919 1.
309 866 379 919 XXI
397 872 423 919 et
441 866 534 931 XXII)
552 868 669 920 Thebani
682 869 801 922 Plataeas
820 873 957 937 occupant,
976 870 1023 922 sed
1041 872 1086 922 eii·

165 939 285 1001 ciuntur,
314 937 564 1004 Peloponnesiorum
593 939 723 991 exercitus
746 940 860 993 Atticam
887 941 1034 1009 ingreditur
1060 944 1087 992 et

159 1011 260 1060 ,vastat
298 1008 397 1058 Primus
415 1028 493 1060 annus
518 1010 1086 1079 11111Ρ11111111111111111281111111111·

165 1080 242 1131 ribus
263 1078 418 1146 quibusdam
436 1080 582 1143 intervallis,
599 1082 667 1148 gesti
1122 1080 1173 1133 431
1211 1078 1275 1145 871

129 1150 231 1203 Iterum
249 1149 434 1216 Peloponnesii
451 1151 479 1201 in
491 1149 606 1203 Atticam
622 1152 768 1218 irrumpunt
787 1166 894 1220 eamque
912 1166 959 1219 per
976 1150 1012 1203 40
1030 1152 1086 1203 1111

165 1219 332 1288 populantur.
380 1219 536 1273 Pestilentia
561 1220 672 1273 Athenis
702 1225 842 1289 grassatur.
889 1220 1087 1280 Atheniensium

98 1317 101 1323 ·
167 1290 263 1344 classis
287 1305 358 1341 oram
380 1290 554 1360 Peloponnesi
581 1293 634 1345 urit
656 1308 686 1344 ae
709 1295 807 1356 vastat,
835 1291 979 1361 Aeginetae
1001 1293 1089 1345 insula

167 1360 297 1484 exgedcre
310 1363 447 1428 coguntur,
461 1363 556 1429 quibus
568 1363 770 1415 Lacedaemonii
783 1363 912 1432 Thyream
923 1364 1088 1416 incolendam
1124 1431 1178 1484 430

166 1433 201 1483 tri
220 1434 286 1482 nunt
484 1444 488 1447 “

129 1504 256 1555 Potidaea
274 1499 478 1554 Atheniensibus
502 1502 613 1554 deditur.
653 1503 774 1555 Plataeae
793 1520 809 1555 a
826 1503 1025 1571 Peloponnesiis
1043 1503 1088 1555 ob·
1123 1501 1176 1553 429
1213 1499 1278 1553 873

168 1573 248 1625 sideri
266 1575 383 1639 coeptae.
419 1572 534 1624 Pericles
554 1575 662 1625 moritur
1122 1570 1175 1624 429
1212 1570 1276 1623 874

133 1643 208 1696 Plato
226 1642 396 1711 philosophus
414 1644 531 1695 nascitur
1123 1641 1176 1694 429
1212 1640 1277 1693 874

133 1714 224 1766 Lesbii
239 1717 344 1782 praeter
362 1713 556 1781 Methymnaeus
576 1714 608 1766 ab
626 1712 831 1767 Atheniensibus
850 1713 974 1766 deficiunt
1122 1711 1175 1764 428
1212 1709 1277 1763 874

127 1785 251 1837 Tertium
271 1783 646 1837 LacedaemoniiArchid'amo
665 1785 730 1837 duce
752 1785 781 1836 iu
799 1783 912 1837 Atticam
933 1785 1087 1851 irrumpunt,

167 1856 362 1908 Plataeensium
391 1855 526 1908 fortissimi
557 1871 604 1923 per
632 1855 747 1907 hostium
769 1857 929 1907 munimenta
952 1857 978 1906 et
1002 1857 1089 1905 castra

167 1927 291 1990 evadunt,
311 1927 391 1980 ceteri
410 1927 541 1979 deditione
559 1926 629 1979 facta
648 1925 810 1990 occiduntur,
829 1927 890 1979 urbs
909 1925 1025 1977 funditus
1044 1924 1087 1975 de'-
1213 1991 1274 2046 881

166 1998 236 2049 letur
1124 1995 1175 2048 427

131 2068 258 2132 Quartam
276 2067 474 2134 impressionem
498 2067 564 2120 duce
583 2067 722 2121 Oleomene
744 2068 772 2119 in
790 2066 904 2120 Atticam
922 2066 1022 2119 faciunt
1039 2066 1087 2118 Pe-

167 2138 325 2206 loponnesii,
343 2140 373 2189 ut
392 2137 507 2189 obsessis
525 2138 689 2206 Mytilenaeis
709 2139 882 2190 levamentum
900 2138 996 2190 lerant:
1020 2137 1087 2188 nihi-

69 2260 72 2264 .
166 2209 282 2262 lominus
301 2208 340 2259 illi
358 2212 550 2275 expugnantur,
570 2212 596 2261 et
614 2225 691 2277 aegre
711 2210 742 2261 ab
754 2210 932 2262 internecione
946 2213 1088 2261 serrantur.

167 2278 257 2342 (Cleon
277 2272 292 2329 ὁ
309 2273 433 2346 γναφεύς.
470 2277 653 2347 Aristophanis
672 2280 755 2347 prima
773 2280 861 2332 fabula
879 2278 1005 2340 docetur.)
1124 2277 1176 2330 427
1213 2274 1275 2337 881

129 2350 333 2418 Expeditionem
351 2350 379 2400 in
398 2349 515 2402 Siciliam
534 2351 681 2418 suscipiunt
698 2348 758 2402 Ath.
778 2348 901 2418 (Gorgias
921 2349 1017 2411 orator)
1124 2347 1175 2400 427
1213 2343 1276 2399 882

129 2421 308 2474 Athenienses
337 2421 419 2473 maria
446 2420 574 2473 classibus
604 2422 735 2484 obtinent,
762 2420 963 2473 Lacedaemonii
990 2419 1088 2472 crebris

168 2495 253 2543 terrae
273 2490 385 2542 motibus
405 2507 420 2541 1
437 2491 506 2542 bello
525 2491 639 2558 gerendo
657 2490 833 2558 impediuntur
1123 2486 1176 2540 428

130 2563 215 2615 Delus
234 2561 321 2614 insula
338 2561 462 2613 lustratur
1124 2558 1177 2611 428
1214 2554 1278 2610 883

130 2633 187 2687 Sed
206 2633 268 2684 dum
286 2632 376 2684 hostes
394 2633 511 2699 quintam
532 2631 730 2697 impressionem
748 2644 810 2700 rege
827 2629 914 2699 Agide
930 2631 958 2683 in
974 2630 1088 2682 Atticam

169 2703 284 2766 faciunt,
308 2702 497 2755 Demosthenes
520 2701 580 2753 Ath.
605 2701 700 2769 Pylum
723 2706 841 2770 occupat.
884 2702 1007 2769 Spartani
1029 2703 1090 2768 post

171 2775 203 2826 17
224 2774 280 2826 (1111
298 2772 408 2825 redeunt
1124 2768 1178 2822 421
1214 2765 1278 2819 883

132 2847 278 2913 Spartanos
296 2844 324 2895 in
336 2843 487 2910 Sphacteria
504 2842 591 2894 insula
608 2858 655 2915 per
673 2842 707 2894 72
727 2843 783 2895 dies
802 2842 924 2895 obsessos
939 2842 1020 2895 Gleon
1032 2845 1088 2893 tan-

169 2916 229 2968 dem
248 2915 281 2966 ad
299 2915 458 2966 deditionem
477 2913 559 2980 adigit
1125 2907 1178 2962 425
1214 2906 1279 2960 884

130 2986 323 3054 Aristophanes
342 2986 443 3053 equites
463 2983 623 3036 comoediam
642 2984 730 3048 docet,
755 2997 822 3034 anno
842 2983 974 3050 superiore
993 2980 1089 3034 Achar-

169 3071 266 3110 nenses
1125 3049 1178 3102 424
1214 3046 1279 3101 884

131 3128 226 3182 Nicim
250 3142 322 3178 oram
339 3125 485 3177 Laconicae
508 3127 595 3177 vastat
622 3129 648 3176 et
668 3124 807 3192 Cytheram
832 3123 944 3175 insulam
969 3126 1089 3191 occupat,

171 3199 302 3265 Thyream
322 3199 462 3264 expugnet,
482 3196 555 3247 cuius
574 3195 676 3247 incolae
694 3195 837 3263 Aeginetae
856 3193 1045 3246 interficiuntur
1124 3192 1177 3244 424
1214 3188 1279 3242 884

132 3269 260 3324 Brasidas
273 3267 369 3320 Laced.
389 3283 435 3334 per
449 3266 612 3318 Thessaliam
631 3267 658 3317 in
672 3266 809 3318 Thraciam
828 3265 1009 3334 proficiscitur,
1028 3263 1089 3317 Am·

168 3339 297 3408 phipolim
315 3338 392 3405 capit,
412 3352 489 3404 quam
503 3336 679 3403 Thucydides,
697 3335 896 3389 Atheniensium
914 3340 1027 3405 praetor,
1047 3336 1090 3387 (11-

168 3410 276 3462 fendere
295 3424 347 3460 nou
365 3410 465 3475 potest,
489 3422 547 3458 eam
571 3408 603 3459 ob
628 3406 732 3460 causam
750 3408 813 3459 urbe
832 3423 878 3476 per
896 3408 990 3475 uiginti
1009 3422 1090 3458 annos

169 3480 306 3548 expulsus.
342 3477 436 3530 Athen.
456 3494 472 3529 a
490 3477 622 3530 Thebanis
642 3478 674 3529 ad
692 3477 796 3531 Delium
814 3477 1090 3541 1111111111,(11181-
1160 3520 1162 3524 .

169 3562 252 3603 crates
268 3549 409 3602 fortissime
433 3563 565 3615 pugnasse
589 3553 718 3614 narratur,
743 3549 885 3616 eodemque
905 3564 972 3600 anno
989 3546 1091 3600 Aristo·
1189 3556 1192 3561 ⁴

169 3621 271 3690 phanes
289 3623 364 3671 nubes
383 3619 437 3670 1111
1126 3616 1179 3668 424
1217 3616 1278 3668 891

134 3691 265 3745 Civitates
285 3689 400 3742 Graecae
419 3690 446 3741 in
465 3688 571 3752 Sicilia,'
584 3704 692 3756 quarum
712 3688 921 3741 dissensionibus
941 3691 1018 3740 antea
1031 3686 1090 3739 Ath.
1158 3696 1163 3703 ’

171 3763 249 3815 abusi
268 3763 354 3824 erant,
380 3763 485 3812 auctore
503 3760 672 3812 Hermocrate
692 3759 858 3826 Syracusano
876 3775 968 3826 pacem
992 3760 1090 3823 ineunt,

172 3831 373 3885 Atheniensium
393 3831 490 3882 auxilia
508 3830 672 3883 dimittuntur
1128 3827 1181 3879 424
1218 3825 1278 3879 891

135 3898 944 3957 111111111111111111111111111111111111111111111111111
1051 3936 1052 3939 ,
1128 3897 1180 3950 423
1217 3896 1279 3949 891
1341 3929 1345 3936 ·

134 3974 247 4027 Interim
264 3972 432 4024 nihilominus
451 3973 579 4023 Brasidas
603 3973 630 4023 in
650 3971 761 4022 Thracia
783 3970 880 4022 bellum
899 3970 967 4038 gerit
985 3971 1011 4021 et
1030 3969 1092 4021 ciri-

171 4045 270 4096 tatibus
290 4058 356 4110 quae
376 4041 517 4095 deficerent
535 4043 566 4094 ab
585 4041 644 4095 Ath.
664 4040 794 4109 praesidio
814 4045 855 4092 est
1127 4037 1178 4090 423

134 4115 202 4168 11111
226 4129 282 4167 rem
306 4116 400 4181 gerunt
417 4112 479 4165 Ath.
498 4114 525 4164 in
544 4113 668 4176 Thracia,
692 4111 775 4163 Cleon
799 4111 832 4163 ad
850 4109 1026 4178 Amphipolim
1050 4124 1093 4162 su·

170 4188 278 4253 peratur
298 4200 313 4241 1
330 4182 450 4247 Β111111,
469 4184 496 4235 in
515 4196 566 4251 qua
583 4199 672 4252 pugna
688 4185 797 4249 uterque
816 4182 887 4233 cadit
1125 4177 1178 4230 422
1215 4174 1279 4229 893

134 4256 228 4308 Maiae
246 4268 339 4322 pacem
363 4268 422 4305 cum
440 4254 655 4306 Lacedaemoniis
679 4254 769 4320 aequis
795 4252 992 4305 condicionibus
1011 4252 1038 4301 in
1057 4247 1093 4302 50
1128 4247 1178 4299 421
1217 4244 1280 4297 893

172 4340 255 4379 annos
275 4323 407 4377 conciliat.
438 4324 524 4376 Dubia
541 4341 594 4393 pax
611 4325 696 4377 tenuit
713 4340 760 4393 per
778 4324 889 4378 bannos
903 4326 929 4375 et
942 4322 977 4374 10
988 4333 1091 4372 menses

172 4412 256 4464 usque
275 4395 310 4448 ad
327 4409 423 4447 annum
441 4395 502 4447 414.
554 4397 556 4403 '
620 4460 624 4464 ,
863 4402 868 4405 ·
1131 4402 1134 4407 ·
