3012 5062
656 396 748 452 5555.
1045 411 1046 414 “
1195 390 1206 423 ²
1241 405 1278 464 bt

1094 582 1171 623 sehr.
1194 582 1282 636 olymp.
1393 573 1396 580 ’

122 628 207 684 Gelae
226 633 354 698 tyrannm
373 633 415 683 551
427 627 555 685 Cleander
573 630 644 692 (Her.
658 631 682 696 6,
697 629 759 696 153)
776 646 823 700 per
840 637 941 702 septam
953 651 1035 689 annos
1046 638 1080 690 ab
1110 637 1164 692 505

121 702 194 824 llurpJ
211 702 330 769 sequitur
347 701 536 768 Hippocratae,
560 702 674 769 itemque
692 719 739 771 per
758 707 859 772 septem
877 721 959 759 sanos
977 712 1082 775 praeest

160 788 176 824 a
213 789 237 824 a.
748 824 751 829 ⁴
1110 778 1164 832 498

161 843 209 910 qui
228 841 337 895 Gelonis
356 856 436 908 opera
454 855 517 894 usus
537 840 708 909 Callipolitas,
727 843 835 908 Naxica,
858 846 1003 903 Zanclaeos
1021 850 1082 903 sub·

159 913 228 976 iicit,
247 912 411 965 Camerinam
430 915 534 964 155515
553 912 726 979 Syracusanis
746 930 907 969 concessam.

123 983 175 1036 Hic
194 984 252 1051 ipse
274 983 335 1035 Gelo
354 981 509 1051 Hippocrati
526 984 645 1037 succedit
780 987 784 991 ’
1111 989 1161 1041 491
1217 987 1281 1042 798

123 1055 221 1106 Zancle
240 1053 391 1106 aCumaeis
410 1057 436 1106 et
454 1053 669 1109 Chalcidensibus
689 1056 799 1109 511555.
817 1056 869 1110 728
888 1059 993 1112 condita
1011 1060 1081 1122 (inde

160 1126 257 1192 Mylae,
276 1125 403 1188 Himera).
440 1125 475 1176 Hi
493 1141 508 1175 a
527 1125 623 1178 Samiis
641 1126 756 1194 aliisque-
769 1126 877 1181 lenibus
896 1131 974 1182 eiecti
1109 1129 1163 1182 494
1217 1129 1282 1183 713

162 1198 208 1263 qui
226 1196 317 1249 itidem
336 1210 389 1248 non
404 1195 488 1247 multo
506 1199 567 1263 poet
589 1212 604 1248 a
621 1198 774 1261 Messeniis,
798 1199 927 1268 Rhegium
944 1201 1082 1254 incolenti·

140 1267 219 1330 bus,
238 1271 420 1335 expugnantur
442 1270 469 1318 51
485 1269 559 1332 parte
577 1282 698 1335 agrorum
715 1268 866 1322 multantur.
909 1272 976 1325 Urbs
994 1288 1029 1325 ex
1047 1288 1078 1324 eo

159 1342 278 1405 tempore
295 1337 415 1389 Messana
432 1340 532 1391 rosata.

125 1407 273 1461 Pleniorem
298 1407 426 1475 quandam
449 1407 583 1459 historiam
607 1408 753 1461 describere
777 1425 829 1463 aon
851 1426 1005 1478 possumus,
1019 1414 1081 1466 inisi

162 1479 344 1547 Syracusanae
363 1479 489 1541 5111115115,
513 1479 608 1531 5515115
627 1479 704 1547 longe
728 1482 882 1548 potentioris
901 1486 928 1535 51
945 1488 1083 1551 propiores

162 1551 319 1617 scriptorum
337 1550 511 1601 monumentis
531 1550 684 1602 celebratae·

133 1620 200 1683 Gelo,
223 1620 376 1676 Gelensium
399 1623 539 1686 tyrannus,
562 1619 677 1673 reductis
696 1621 877 1688 optimatibus,
901 1624 946 1690 qui
968 1640 984 1675 5
1005 1624 1081 1692 plebe

164 1691 330 1757 Syracusana
352 1691 455 1757 expulsi
479 1694 566 1753 erant,
596 1705 684 1742 eorum
709 1706 788 1759 opera
811 1691 951 1759 Syracusis
974 1696 1080 1762 potitur,

162 1762 252 1813 urbem
272 1760 363 1813 Gelam
381 1762 487 1813 Hieroni
504 1760 578 1813 fratri
596 1761 675 1813 tradit
1110 1760 1164 1815 485
1218 1762 1284 1816 784

125 1833 188 1884 llox
205 1833 290 1884 victor
308 1833 340 1884 de
353 1831 612 1900 Carthaginiensibus
626 1832 732 1885 Siciliae
750 1836 850 1900 partem
867 1834 1019 1887 tenentibus
1039 1854 1082 1886 rea
1126 1860 1133 1871 ·

160 1903 315 1970 appellatur.

124 1974 226 2026 Eodem
245 1973 295 2037 die,
315 1988 365 2040 quo
386 1971 480 2026 Graeci
498 1972 532 2024 ad
549 1972 708 2025 Salaminem
726 1973 842 2036 1155551,
863 1972 928 2026 Gelo
947 1978 974 2026 et
986 1976 1081 2041 Thero,

161 2046 219 2096 5155
237 2058 329 2107 55551,
351 2043 581 2111 Agrigentinorum
599 2047 740 2110 tyrannus,
764 2043 889 2097 Terillum
913 2047 1017 2098 exulem
1036 2048 1082 2100 Hi·

160 2130 295 2167 meraeum
313 2119 339 2166 et
357 2114 540 2177 Hamilcarem,
562 2114 699 2167 Hannonis
717 2114 744 2178 1.,
763 2114 1004 2184 Carthaginiensem
1023 2133 1082 2170 cum
1322 2151 1324 2156 -

160 2187 288 2238 trecentis
306 2186 359 2238 mil.
378 2186 545 2238 barbarorum
563 2185 597 2236 ad
614 2185 748 2237 Himeram
766 2189 891 2253 superant
1111 2183 1165 2237 480
1219 2184 1281 2239 751

125 2254 228 2308 Aetnae
246 2257 342 2308 montis
362 2257 512 2323 eruptiones
530 2256 660 2323 incipiunt
1112 2255 1164 2308 479
1219 2256 1283 2310 758

124 2327 207 2378 Hiero
225 2329 287 2394 post
304 2326 390 2378 fratris
408 2330 517 2378 mortem
535 2330 627 2394 regnat
647 2326 680 2378 10
699 2341 790 2389 annos,
809 2330 945 2394 poetarum
963 2327 1082 2382 laudibus
1112 2324 1165 2378 478
1219 2325 1283 2380 758

162 2397 321 2461 celebratus,
339 2396 414 2449 Naxo
433 2401 460 2450 et
478 2395 577 2449 Catane
595 2397 721 2450 subiectis
740 2398 864 2450 maiorem
881 2400 1024 2465 potentiam
1042 2416 1083 2453 as·

162 2470 279 2520 secutus.

126 2538 214 2590 Thero
234 2537 420 2607 Agrigentinus
439 2538 548 2590 moritur
566 2541 593 2590 51
611 2537 749 2592 collabitur
767 2539 824 2591 eius
842 2539 983 2607 imperium
1111 2536 1165 2591 477
1219 2538 1281 2592 771

125 2609 244 2661 Hierone
262 2612 372 2672 mortuo,
396 2608 586 2676 Thrasybulus,
610 2609 666 2661 5155
685 2609 777 2674 frater,
800 2626 860 2663 cum
879 2610 1019 2664 crudeliter
1036 2611 1084 2664 im-

160 2682 275 2747 peraret,
295 2680 336 2731 ll.
354 2694 443 2731 mense
462 2680 578 2731 eiicitur:
599 2680 714 2732 saevitur
731 2681 758 2732 in
776 2681 876 2748 regiam
895 2681 1012 2747 domum,
1036 2697 1083 2749 po-

161 2750 262 2818 pularis
282 2753 365 2802 status
383 2750 528 2805 restituitur
598 2790 601 2796 <
1113 2748 1166 2802 467
1220 2749 1285 2803 789
1364 2799 1369 2807 ,

125 2821 212 2874 8151111
225 2821 372 2873 coniunctis
385 2821 478 2888 copiis,
496 2821 607 2874 Ducetio
619 2820 774 2889 imperante,
787 2820 884 2874 bellum
897 2821 955 2873 adr.
969 2821 1085 2877 0155555

163 2892 284 2945 civitates
303 2894 415 2955 morant,
433 2891 607 2960 Agrigentum
626 2887 786 2960 oppugnant,
810 2891 857 2943 sed
875 2907 891 2942 a
909 2891 1083 2959 Syracusanis
1112 2958 1164 3012 451

161 2963 304 3014 vincuntur

124 3033 259 3096 Leontini,
278 3049 294 3083 a
312 3031 485 3099 Syracusanis
504 3032 573 3084 bello
591 3032 680 3099 petiti,
707 3031 828 3097 05151551
844 3031 961 3084 Athenas
979 3033 1085 3086 mittunt

162 3104 255 3156 auxilii
273 3102 424 3156 arcessendi
441 3117 522 3155 causa
703 3137 706 3143 ·
1110 3098 1165 3151 497
1220 3099 1285 3154 889

125 3174 228 3226 Aetnae
246 3174 342 3226 montis
363 3174 463 3241 eruptio
482 3166 567 3237 tertia,
586 3188 652 3241 quae
666 3171 776 3226 0155515
789 3175 942 3236 humasset,
961 3172 1031 3226 15515
1043 3178 1086 3227 551
1113 3168 1166 3223 415
1221 3170 1285 3225 884

126 3244 183 3298 Sed
201 3245 387 3308 Athenienses,
412 3259 472 3296 cum
494 3245 573 3296 rebus
591 3258 716 3311 prospere
735 3244 818 3311 gestis
838 3244 1002 3311 suspiciones
1021 3245 1085 3298 civi-

162 3319 246 3368 tatum
264 3318 406 3378 moverent,
429 3314 569 3369 concordia
585 3315 707 3366 restituta
723 3329 771 3381 per
788 3314 985 3368 Hermocratem
1003 3316 1083 3383 Syra·

162 3401 297 3449 cusanam,
316 3385 481 3437 dimittuntur
1102 3381 1168 3453 ν414
1222 3384 1285 3439 891

124 3457 230 3508 Rursus
249 3456 388 3523 Segestani
407 3458 499 3509 contra
517 3455 679 3508 Selinuntius
698 3469 839 3523 eorumque
864 3456 951 3510 socios
970 3456 1084 3525 Syracu·

162 3541 242 3579 sanos
261 3526 460 3583 Atheniensium
479 3526 605 3579 auxilium
623 3526 747 3578 invocant
1114 3523 1168 3577 415
1223 3525 1285 3578 911

123 3597 317 3660 Athenienses,
341 3613 400 3649 cum
418 3598 446 3648 in
464 3611 495 3648 eo
514 3596 610 3648 tuerint
632 3599 661 3648 51
680 3596 827 3662 Syracusas
847 3601 984 3666 caperent,
1008 3598 1087 3650 151115
1193 3636 1196 3641 ·

52 3710 55 3714 ,
160 3668 226 3720 115111
244 3683 312 3720 5555
331 3667 515 3720 devincuntur:
534 3670 605 3721 totus
624 3682 714 3720 eorum
731 3668 865 3721 *exercitus
884 3668 1087 3735 aSyracusanis

162 3742 208 3791 551
227 3738 380 3802 conciditur,
400 3741 444 3789 aut
461 3739 564 3805 capitur
1116 3734 1170 3788 413
1224 3736 1288 3789 914

124 3810 234 3862 Diocles
247 3809 422 3877 Syracusanis
439 3823 521 3861 novas
540 3808 612 3876 leges
632 3808 731 3872 scribit,
750 3808 954 3883 quibuspopuli
969 3811 1087 3876 potestas
1115 3876 1169 3929 412

162 3883 274 3948 augetur

123 3951 326 4014 Hermocrates,
350 3949 516 4017 optimatium
533 3948 629 4013 fautor,
653 3952 708 4001 tum
726 3949 755 4001 ia
772 3947 838 4003 Asis
856 3963 916 4002 cum
934 3948 1020 4002 classe
1039 3949 1088 4017 Sy-
1142 3953 1145 3959 '

161 4036 248 4074 racus.
271 4021 375 4084 absens,
395 4021 421 4072 iu
441 4021 520 4073 exilio
540 4035 598 4073 esse
616 4020 728 4083 iubetur,
752 4022 779 4071 et
797 4020 858 4072 dum
876 4020 956 4074 armis
974 4020 1087 4073 reditum

161 4095 245 4161 parat,
268 4089 424 4144 interficitur
853 4135 864 4160 ,
1117 4085 1170 4139 408
1225 4083 1286 4138 931

126 4162 361 4232 Carthaginienses
388 4162 488 4215 interea
506 4161 666 4230 Segestanos
685 4159 799 4213 adiuturi
817 4175 877 4213 cum
895 4160 997 4230 ingenti
1015 4175 1090 4215 exer·

163 4235 228 4297 citu,
246 4233 394 4285 Hannibale
408 4233 482 4298 duce,
501 4232 529 4284 15
542 4233 660 4286 Sieiham
672 4231 860 4295 transmittunt,
879 4231 1088 4285 rao-Selinuntem

162 4307 190 4357 51
207 4305 342 4359 Himeram
361 4303 469 4357 diruunt
1116 4294 1170 4348 409
1225 4293 1289 4347 984

124 4375 211 4430 iidem
229 4390 297 4428 nora
315 4375 481 4442 expeditione
498 4375 527 4426 in
545 4373 663 4427 Siciliam
680 4373 763 4426 missa
779 4370 976 4440 Agrigentinos,
1001 4386 1089 4439 quam-

160 4447 202 4500 vis
221 4463 237 4500 a
255 4446 430 4516 Syracusanis
450 4445 562 4509 adiutos,
585 4445 676 4497 urbem
694 4458 769 4496 suam
787 4444 935 4513 relinquere
955 4445 1053 4509 cogunt
1117 4433 1170 4490 406
1225 4432 1290 4493 938

1053 4523 1089 4574 4*
