3062 5064
498 488 583 538 Graeci
602 505 678 551 usqne
695 491 728 541 ad
746 506 802 540 ann.
822 494 873 542 369
886 508 908 542 a.
921 492 977 543 Chr.
1281 498 1314 552 29

154 717 280 771 Thebani
297 717 388 772 exules
407 719 585 773 coniuratione
602 719 672 773 16616
688 718 799 775 Athenis
819 720 931 789 profecti
948 724 1057 791 patriam
1075 740 1114 778 re·

193 791 322 857 cuperant
1143 796 1195 850 379
1233 798 1312 853 1002

158 861 326 912 Cleombrotus
343 859 441 912 trustra
463 860 587 913 adversus
610 875 655 913 eos
676 876 736 914 cum
759 863 876 914 exercitu
900 864 1023 929 mittitur,
1052 867 1114 932 quin

192 931 274 982 etiam
284 931 433 996 Splodrios,
447 929 570 998 Thespiis
582 931 739 998 praefectus,
751 932 929 1000 imprudenter
939 934 1114 989 Athenienses

191 1001 286 1063 irritat,
305 1003 335 1051 ut
353 1000 444 1053 foedus
463 1001 553 1053 ineant
570 1017 629 1054 cum
648 1002 780 1055 Thebanis
1142 1006 1195 1060 378

155 1071 251 1137 Itaque
266 1069 327 1123 Ath.
347 1085 413 1123 noro
433 1086 514 1124 censu
532 1072 651 1125 instituto
670 1073 770 1126 alacres
789 1073 820 1124 66
839 1074 988 1127 renovando
1006 1076 1115 1143 imperio

194 1142 325 1193 maritimo
345 1141 501 1208 (συμμαχία)
520 1144 638 1210 cogitant
1234 1148 1314 1201 1003

157 1211 259 1265 Eodem
282 1226 350 1263 anno
375 1213 452 1264 etiam
470 1213 610 1280 Agesilaus
634 1214 832 1282 impressionem
853 1213 917 1266 iacit
934 1215 961 1266 in
979 1216 1114 1269 Boeotiam

194 1285 222 1334 et
240 1281 423 1334 Thebanorum
440 1298 532 1350 agrum
550 1283 729 1352 depopulatur.
767 1283 901 1349 Chabrias,
919 1283 1015 1339 Athen.
1034 1287 1096 1340 dux.
1145 1286 1197 1340 378
1234 1287 1315 1341 1003

156 1351 256 1421 Lysias
275 1356 361 1405 orator
379 1352 415 1406 80
432 1352 485 1405 1616
504 1369 630 1407 annorum
647 1357 764 1407 mortuus
1144 1357 1196 1411 378

156 1421 258 1476 Iterum
270 1421 409 1491 Agesilaus
429 1425 572 1476 exercitum
592 1429 682 1478 contra
695 1425 833 1477 Thebanos
850 1424 922 1477 ducit
933 1431 1032 1494 eosque
1045 1442 1115 1479 com·
1192 1428 1197 1435 '

197 1497 284 1546 meatu
303 1493 429 1561 prohibet.
468 1494 592 1548 Chabrias
612 1496 744 1549 Thebanis
764 1495 860 1547 auxilio
879 1498 928 1559 est,
950 1500 1044 1564 postea
1061 1498 1116 1551 bel·
1166 1522 1169 1528 ·

193 1564 248 1616 lum
266 1565 332 1617 mari
350 1565 425 1633 gerit.
911 1586 913 1590 ·
1144 1568 1196 1622 377
1233 1568 1314 1623 1004

159 1634 294 1757 Buagorias
314 1651 373 1688 cum
393 1635 427 1689 10
438 1650 520 1689 annos
540 1652 599 1689 cum
611 1634 757 1690 1111616116
776 1635 908 1699 bellasset,
926 1651 1018 1703 pacem
1030 1637 1115 1691 lacere

198 1706 298 1773 cogiur
1145 1708 1197 1762 376

196 1776 242 1829 666
260 1776 339 1828 161116
356 1790 424 1827 anno
442 1778 503 1844 post
521 1775 636 1827 moritur.

161 1846 326 1898 Cleombrotus
350 1862 365 1898 a
384 1846 515 1899 Thebanis
538 1846 650 1898 transitu
669 1844 831 1898 Cithaeronis
850 1845 945 1897 montis
964 1845 1115 1912 prohibetur
1144 1848 1196 1901 376

156 1916 251 1985 Itaque
263 1917 359 1970 Laced.
370 1933 426 1969 rem
438 1918 503 1969 mari
515 1915 655 1985 gerentiam
668 1931 727 1968 esse
740 1917 798 1980 rati,
816 1916 998 1979 Athenienses,
1011 1916 1114 1968 Naxum

193 1988 360 2051 obsidentes,
383 1988 583 2056 aggrediuntur,
607 1986 654 2038 sed
672 1987 811 2039 vincuntur
829 2004 845 2038 a
866 1988 975 2038 Glabrio
994 1988 1031 2049 (et
1049 1988 1115 2039 Pso-

194 2058 273 2119 ciooe)
290 2059 359 2127 apud
376 2058 488 2122 Naxum,
508 2058 553 2125 qui
571 2058 664 2110 multas
676 2057 801 2109 Thraciae
820 2059 897 2109 urbes
909 2055 1113 2110 Atheniensibus

83 2127 92 2139 “
193 2129 322 2196 adiungit,
340 2144 480 2196 eorumque
498 2129 635 2196 imperium
654 2129 811 2181 maritimum
829 2132 966 2196 recuperat
1144 2130 1196 2185 876
1234 2130 1312 2184 1011

158 2200 301 2251 Timotheus
319 2215 377 2252 cum
396 2200 481 2253 classe
493 2199 587 2252 Athen.
601 2197 741 2266 Corcyram
754 2200 832 2267 capit,
850 2198 1114 2251 Lacedaemoniorum

191 2270 308 2323 classem
327 2274 432 2339 superat
1057 2308 1060 2313 .
1143 2270 1195 2325 375

155 2340 222 2393 Inde
246 2356 338 2408 pacem
361 2356 420 2394 cum
439 2337 534 2395 Laced.
559 2337 658 2391 iaciunt
680 2337 867 2402 Athenienses,
893 2337 1039 2401 Thebanis,
1069 2338 1114 2405 qui

191 2411 351 2464 Boeotorum
370 2411 447 2463 urbes
467 2410 641 2474 subiecerant,
659 2409 814 2473 inridentes,
835 2408 881 2461 666
894 2423 953 2460 mox
966 2408 1064 2460 bellum
1075 2410 1113 2459 in·

192 2481 320 2550 tegrascit
1143 2479 1196 2533 874

154 2553 233 2604 Iason
253 2567 284 2604 eo
302 2556 418 2619 tempore
435 2539 518 2618 ταγὸε
538 2548 722 2601 Thessalorum
740 2550 842 2617 magnis
861 2548 954 2617 opibus
971 2546 1055 2600 floret.

154 2623 360 2676 Lacedaemonii
392 2621 530 2688 imperium
561 2619 717 2671 maritimum
747 2620 925 2687 recuperaturi
953 2617 1114 2686 Corcyraeos
1144 2620 1196 2674 373
1234 2617 1314 2685 lore

193 2693 323 2746 obsident.
369 2691 468 2754 Quibus
502 2703 561 2743 cum
590 2688 742 2742 Timotheus
770 2691 895 2742 auxilium
923 2703 974 2741 non
1001 2689 1114 2752 tulisset,

192 2762 304 2822 Athenis
323 2765 461 2815 accusatur
479 2763 506 2812 et
524 2758 558 2811 66
574 2774 663 2842 regem
681 2760 821 2813 Persarum
839 2776 867 2813 se
886 2759 996 2812 confert.
1032 2759 1114 2811 Paulo

191 2828 1114 2967 1311111160611111111111161ῑο111

194 2974 261 3042 cipit
282 2977 370 3026 tamen
388 2972 532 3041 Iphicrates
553 2970 587 3023 10
605 2986 693 3035 nares,
716 2988 732 3022 a
750 2971 878 3038 Dionysio
899 2973 1010 3036 tyranno
1033 2967 1114 3020 Lace-

194 3044 338 3097 daemoniis
358 3043 455 3095 auxilio
474 3042 570 3093 missae
1145 3039 1196 3093 372
1233 3040 1315 3093 1014

153 3115 273 3168 Achaiae
296 3115 374 3167 urbes
392 3113 483 3165 Helice
508 3114 535 3163 et
551 3111 623 3163 Bura
644 3113 728 3162 terrae
748 3113 820 3162 motu
838 3108 969 3171 delentur,
993 3106 1114 3159 Plataeae

193 3185 360 3239 aThebanis
379 3184 530 3236 evertuntur
1145 3179 1197 3233 373
1235 3178 1315 3232 1014

155 3254 255 3324 Agitur
274 3256 382 3324 Spartae
402 3255 434 3307 de
452 3268 516 3320 pace
537 3249 695 3303 Graecarum
714 3249 862 3312 civitatum,
885 3262 970 3315 aqua
989 3246 1123 3312 Thebani,¹

194 3343 253 3379 cum
271 3327 385 3379 Boeotos
403 3325 513 3377 liberare
533 3321 639 3385 nollent,
658 3337 673 3372 6
691 3318 905 3373 Lacedaemoniis
924 3318 1107 3371 excluduntur·
1145 3319 1195 3373 371
1235 3317 1313 3372 1021

157 3399 334 3460 Cleombrotus,
354 3396 431 3447 armis
450 3394 571 3460 belloque
591 3407 636 3455 eos
656 3394 802 3455 coacturus,
821 3407 854 3443 ex
867 3388 980 3442 Phocide
992 3390 1020 3441 in
1032 3389 1116 3442 Boeo·

193 3469 256 3519 tiam
273 3468 473 3535 impressionem
485 3464 557 3526 lacit,
577 3462 624 3516 sed
636 3478 695 3515 eum
708 3462 835 3526 Thebani,
854 3461 919 3513 6666
932 3461 1113 3526 Epaminonda,

193 3539 292 3605 proelio
311 3538 465 3589 adLeuorro
485 3533 521 3599 (5.
534 3534 687 3586 Hecatomb.
707 3533 731 3585 6.
745 3533 803 3595 161.)
823 3532 961 3585 commisso
975 3530 1116 3584 devincunt
1144 3529 1195 3583 371
1235 3527 1315 3582 1022

156 3609 254 3662 surim
265 3607 382 3660 Arcades
402 3605 527 3659 aLaoed.
548 3604 684 3657 deficiunt:
703 3604 886 3672 Megalopolim
904 3601 1027 3666 condunt,
1045 3602 1116 3654 Man·

192 3681 290 3731 tineam
307 3679 449 3733 restituunt
549 3729 552 3733 ,
1145 3670 1198 3723 370

152 3751 234 3802 Iason
251 3749 383 3802 Pheraeus
402 3751 524 3810 necatum
546 3749 607 3814 post
625 3746 692 3809 eum,
710 3743 848 3797 intervallo
866 3743 944 3795 unius
964 3743 1033 3807 anni,
1056 3742 1116 3795 Ale·
1146 3740 1199 3794 370
1236 3739 1315 3793 1023

192 3821 292 3872 rander
309 3820 441 3871 Pheraens
461 3820 563 3886 regnat.

152 3891 257 3945 Eodem
269 3894 385 3958 tempore
397 3889 569 3941 Macedonum
581 3902 629 3939 rex
640 3884 768 3952 Amyntas
777 3884 804 3936 ΙΙ
816 3885 925 3936 moritur
937 3886 998 3951 post
1007 3898 1116 3952 regnum
1146 3882 1198 3936 369
1236 3878 1316 3933 1023

193 3960 228 4013 24
241 3977 379 4013 annorum:
399 3961 443 4012 cui
461 3963 515 4011 tres
534 3957 582 4010 lilii
600 3957 677 4026 pueri
692 3955 817 4022 deinceps
830 3954 984 4019 succedunt,
1003 3954 1117 4007 Alexan·

193 4032 239 4085 der
258 4031 284 4083 II
303 4030 433 4094 (16368),
451 4029 594 4082 Perdiccas
612 4026 651 4080 III
670 4027 790 4094 (primum
808 4026 856 4078 sub
868 4028 954 4078 tutore
967 4026 1117 4079 Ptolemaeo

191 4102 319 4165 Aloriteff),
337 4101 482 4170 Philippus.
1280 4145 1283 4151 ,

154 4173 276 4226 Thebani
301 4172 418 4224 Arcades
442 4170 556 4225 adiuturi
580 4168 664 4221 hieme
686 4168 831 4233 irrumpunt
853 4166 880 4218 in
900 4165 1117 4234 Peloponnesum,
1146 4164 1199 4219 370

193 4244 303 4297 ducibus
327 4243 467 4310 praecipue
491 4241 665 4306 Epaminonda
687 4241 714 4290 61
731 4237 865 4304 Pelopida,
891 4236 1049 4290 Laconicam
1072 4252 1117 4304 po·
1128 4235 1225 4304 'geg‘
1236 4202 1315 4283 1923

190 4315 324 4382 pulantur,
349 4313 487 4365 Messenen
515 4312 662 4363 restituunt.
704 4307 879 4360 1116666116
901 4306 992 4360 166666
1017 4307 1117 4360 faciunt

193 4385 289 4452 partito
308 4384 418 4451 imperio
437 4398 496 4435 cum
509 4381 614 4445 Laced,
633 4382 717 4447 iisque
730 4379 879 4444 Iphicraten
891 4377 988 4429 auxilio
1002 4378 1114 4428 mittunt.

156 4455 256 4509 Iterum
270 4454 388 4507 Thebani
407 4453 600 4522 expeditionem
612 4452 638 4504 in
651 4449 860 4517 Peloponnesum
872 4448 1026 4516 suscipiunt,
1044 4448 1115 4512 Epo·

1130 671 1206 712 6061.
1224 672 1313 724 Olymp.
1416 678 1418 683 '
