3012 5062
383 456 414 509 ab
434 475 497 510 anne
516 475 538 508 a.
553 457 609 510 Chr.
629 458 680 510 118
700 459 827 522 usquead
845 478 936 511 annum
955 462 1015 513 117.
1244 463 1279 522 83
1298 457 1300 461 ’

113 640 194 682 ’'ch“
236 649 287 678 Μ’
356 703 410 742 aas.
429 689 575 743 vincuntur.
591 690 694 742 -Hoc
713 706 780 743 anno
795 687 962 756 Hennensi,
981 693 1136 747 Hamilcaris
1148 694 1193 760 fil,
1212 696 1278 748 Has·

356 759 462 813 drubale
487 765 601 824 mortuo,
630 760 683 813 dux
702 762 847 831 Poenorum
870 765 897 815 in
915 763 991 832 Hisp.
1018 760 1061 816 fit:
1084 781 1160 830 mox,
1185 768 1280 820 ceteris

358 835 430 883 111111
450 830 553 883 iberum
572 831 722 885 civilatibus
742 833 867 898 subactis,
887 836 1001 887 animum
1020 832 1053 887 ad
1066 835 1220 905 Saguntum,
1238 838 1281 891 so-

357 903 424 953 ciam
443 902 516 954 Rom.
536 902 634 966 urbem,
655 905 857 971 expugnandum
876 906 973 957 adiicit.

134 977 188 1029 220
239 972 291 1028 534
329 972 389 1026 Cos.
402 973 441 1024 M.
454 974 574 1024 Aemilius
592 974 702 1040 Lepidae
719 975 759 1038 II,
782 976 820 1026 M.
833 976 946 1027 Valerius
958 977 1083 1028 Laevinus
1101 979 1191 1042 creati,
1209 982 1280 1047 post·

358 1060 435 1112 quam
453 1043 483 1096 L.
494 1044 617 1097 Veturius
637 1044 720 1109 Philo,
740 1044 768 1098 C.
783 1046 902 1101 Lutatius
917 1046 1034 1111 Catulus,
1054 1049 1117 1100 ritio
1135 1048 1207 1113 laeti,
1227 1066 1280 1103 ma-

247 1153 250 1159 .
359 1116 471 1183 gistratu
490 1130 518 1168 se
532 1115 692 1180 abdicarunt,
711 1132 763 1184 qua
774 1118 912 1171 occasione
927 1117 957 1183 Q.
973 1119 1071 1171 Fabius
1083 1120 1151 1172 Max.
1169 1120 1280 1173 dictator
1348 1166 1350 1169 ,

358 1186 469 1254 primum
490 1184 591 1238 videtur
609 1186 699 1239 fuisse.
853 1201 855 1209 ·

394 1255 523 1309 Censores
543 1256 572 1308 L.
592 1255 684 1309 Aemil.
704 1257 806 1324 Papus,
831 1257 859 1310 C.
879 1258 1024 1313 Flaminius
1044 1260 1132 1323 (lustr.
1151 1259 1280 1324 431111-

362 1331 421 1378 sent
439 1327 534 1380 civium
549 1328 634 1395 capita
647 1327 761 1393 170213,
779 1329 915 1384 libertinos
934 1332 961 1383 in
979 1331 1092 1384 4tribus
1111 1331 1224 1384 urbanas
1240 1347 1279 1384 re·

360 1397 465 1465 digunt,
489 1398 574 1471 legem
593 1399 717 1451 Metilium
741 1399 772 1466 de
795 1399 937 1454 fullonibus
962 1418 977 1452 a
999 1402 1029 1454 Τ.
1048 1402 1146 1454 Metilio
1167 1402 1280 1455 Crotone
1325 1402 1327 1407 ’

359 1469 419 1521 trib.
438 1469 474 1537 pl.
493 1469 626 1521 ferendam
645 1473 738 1521 curant
757 1470 837 1533 (Ptin.
852 1471 985 1535 31117).
1015 1472 1043 1525 C.
1054 1472 1197 1525 Flaminius
1211 1474 1292 1527 vlam'

358 1539 496 1591 militarem
516 1539 661 1591 Ariminum
680 1556 762 1608 usque
781 1542 872 1594 munit.

135 1611 188 1665 219
240 1608 292 1662 535
331 1608 391 1661 Cos.
411 1610 449 1661 M.
463 1611 553 1662 Livias
570 1611 707 1675 Salinator,
731 1612 764 1663 L,
783 1613 903 1664 Aeniilias
916 1612 1028 1676 Paullus,
1049 1613 1124 1665 ambo
1143 1612 1281 1681 1111111]-

359 1680 412 1732 rios
427 1681 579 1732 asocietate
592 1680 770 1734 desciscentes
783 1682 901 1750 proiecti,
922 1683 1033 1736 Pharum
1047 1687 1149 1750 captam
1162 1683 1281 1749 diruunt;

359 1751 506 1804 Demetrius
526 1752 559 1803 ad
577 1752 726 1820 Philippum
739 1753 907 1805 Macedonem
926 1753 1007 1821 fugit:
1026 1768 1085 1805 cum
1098 1754 1198 1806 Pinneo
1218 1770 1280 1822 rege

358 1821 450 1875 foedus
469 1826 617 1875 renovatur.
658 1823 718 1876 Cos.
744 1824 813 1891 quod
837 1840 870 1877 ex
893 1823 989 1891 praeda
1012 1824 1094 1875 multa
1116 1824 1281 1890 avertissent,

360 1897 524 1958 accusantur,
537 1909 646 1961 quorum
658 1894 724 1946 alter
738 1895 872 1947 ambustus
883 1894 977 1959 evadit,
997 1895 1063 1946 alter
1075 1895 1166 1947 Livius
1177 1895 1282 1948 damna·

358 1967 401 2016 tus
421 1964 448 2016 in
467 1964 634 2017 solitudinem
654 1980 682 2017 se
702 1965 781 2018 abdit.
1075 2005 1078 2011 .

394 2035 547 2087 Placentiam
566 2039 593 2087 et
614 2036 751 2087 Cremonam
775 2052 838 2088 sena
863 2036 934 2088 milia
956 2034 1108 2088 colonorum
1125 2035 1183 2089 Lat.
1202 2035 1282 2089 dedu·

359 2109 460 2173 cuntur,
474 2105 544 2174 quod
557 2107 699 2174 aegerrime
714 2105 783 2158 Calli
798 2107 891 2159 lerunt.
920 2107 1024 2159 Primus
1037 2108 1154 2159 medicus
1165 2106 1281 2160 Graccus

360 2176 541 2244 Archagathus
561 2193 594 2229 ex
613 2177 794 2246 Peloponneso
808 2178 917 2231 Romam
931 2176 1010 2241 venit,
1029 2179 1104 2246 eique
1118 2176 1223 2231 civitate
1237 2178 1283 2231 do-

359 2248 553 2371 {amlptabema
575 2249 679 2315 publice
704 2249 767 2301 artis
791 2249 952 2302 exercendae
977 2265 1057 2302 causa
1079 2249 1187 2314 emitur,
1214 2249 1281 2303 Plin.

378 2318 402 2382 9,
458 2358 463 2370 ·
774 2362 776 2365 -

132 2389 189 2442 218
241 2387 293 2441 536
332 2386 391 2440 Cos.
411 2389 440 2439 P.
463 2388 589 2440 Cornelias
606 2387 701 2455 Scipio,
724 2389 762 2440 Τι’.
775 2388 933 2456 Semproniae
949 2388 1075 2456 Longas.)
1112 2389 1230 2457 Sagunto
1250 2390 1282 2442 ab

360 2459 506 2511 Hannibale
525 2460 624 2523 exciso,
644 2476 703 2512 cum
722 2460 819 2517 bellum
838 2464 928 2513 contra
942 2459 1175 2528 Carthaginienses
1194 2461 1283 2513 decre·

359 2534 413 2582 tum
426 2523 505 2583 ‘esset
523 2530 664 2593 (secundam
684 2532 770 2582 bellam
782 2530 924 2597 Punicum),
945 2531 985 2584 Ti.
1000 2531 1100 2599 Sempr.
1120 2547 1178 2584 cum
1197 2532 1282 2584 classe

361 2605 387 2653 11
410 2601 527 2653 exercitu
550 2601 577 2653 in
596 2601 725 2666 Siciliam,
753 2618 830 2669 quam
855 2602 959 2671 proprie
976 2602 1010 2653 ll.
1029 2602 1156 2654 Aemilius
1179 2606 1283 2669 praetor

361 2672 504 2736 obtinebat,
523 2672 642 2736 mittitur,
661 2673 721 2725 inde
740 2673 768 2724 in
786 2672 901 2725 Africam
920 2674 1089 2727 traiecturus:
1109 2673 1137 2725 Ρ.
1159 2672 1236 2725 Corn.
1255 2673 1285 2725 in'

360 2743 469 2810 Hispan.
482 2742 623 2811 proiectus,
636 2759 693 2794 cum
709 2743 881 2795 Hannibalem
894 2743 1020 2796 Rhodano
1033 2744 1141 2798 traiecto
1156 2743 1189 2795 ad
1201 2744 1282 2812 Alpes

360 2829 468 2882 pergere
488 2813 667 2881 comperisset,
687 2814 734 2866 Cn.
754 2814 832 2866 fratre
851 2814 937 2882 legato
957 2815 984 2865 in
1003 2814 1077 2882 Hisp.
1097 2813 1205 2867 dimisso
1224 2816 1282 2882 ipse

359 2886 410 2937 iter
427 2883 518 2949 flectit,
538 2888 564 2936 11
576 2884 662 2936 Poeno
683 2885 811 2953 superatis
830 2885 881 2936 iam
900 2885 1031 2937 montibus
1051 2883 1218 2939 1111126000
1236 2886 1283 2937 mi-

360 2955 399 3008 lit.
423 2957 491 3008 inter
515 2955 606 3008 Gallos
629 2957 745 3008 versanti
767 2955 800 3006 ad
825 2955 935 3006 Ticinum
959 2970 1059 3006 amnem
1084 2956 1211 3019 occurrit,
1236 2954 1284 3007 sed

266 3016 270 3025 ⁸
360 3043 449 3096 pugna
472 3027 587 3094 equestri
609 3026 762 3094 profligatus
782 3025 943 3077 Placentiam
966 3026 1004 3077 cis
1029 3025 1129 3078 Padum
1153 3025 1282 3078 concedit

363 3097 432 3150 Galli
451 3097 489 3149 ad
503 3097 674 3149 Hannibalem
696 3096 827 3149 deliciunt.
865 3095 905 3147 Ti.
926 3095 1080 3163 Sempr..ex
1099 3095 1191 3148 Sicilia
1209 3111 1282 3148 revo-

361 3172 448 3231 catus,
472 3168 620 3221 coniunctis
645 3183 703 3220 cum
727 3168 828 3235 collega
851 3167 948 3235 copiis,
972 3169 1029 3235 ipse
1048 3181 1150 3234 quoque
1170 3167 1284 3219 vincitur

361 3239 394 3291 ad
415 3239 528 3290 Trebiam
547 3253 658 3290 amnem.
696 3238 825 3291 Hannibal
844 3238 872 3290 in
890 3237 999 3306 Liguria
1017 3238 1145 3291 hibernat.

396 3310 453 3361 Lex
474 3310 581 3360 Claudia
604 3326 619 3360 a
638 3309 668 3371 Q.
688 3309 796 3362 Claudio
816 3310 875 3362 trib.
894 3309 930 3377 pl.
953 3309 1018 3373 lata,
1043 3324 1076 3361 ne
1100 3309 1159 3376 quis
1178 3310 1284 3361 senator

361 3380 516 3432 maritimam
535 3396 627 3432 narem
646 3380 761 3433 haberet.

131 3452 189 3506 217
240 3450 293 3504 537
332 3448 391 3502 (los.
414 3451 455 3501 Cra
470 3451 591 3502 Servilius
608 3451 729 3516 Geminas,
752 3452 778 3503 C.
792 3451 929 3502 Flaminius
940 3448 1025 3516 Nepos
1037 3449 1076 3512 II,
1096 3447 1157 3501 suff.
1177 3448 1285 3503 Mlti.-

363 3522 410 3572 liue
422 3521 558 3588 Regulus.)
586 3521 680 3586 Hann,
700 3522 885 3574 molestissimo
904 3537 950 3588 per
969 3520 1077 3589 paludes
1097 3519 1166 3585 facto
1181 3520 1283 3582 itinere,
1331 3570 1335 3576 ,

361 3592 388 3715 i
410 3593 544 3715 illini
563 3591 1285 3730 illaetabilelillibitanae?

385 3702 391 3713 ·
1028 3701 1034 3725 1

362 3733 443 3785 citum
461 3733 536 3785 Rom.
561 3732 605 3801 aut
631 3734 716 3785 caedit
740 3750 799 3786 oum
823 3724 887 3796 cos,
915 3735 960 3784 aut
983 3731 1060 3801 capit.
1103 3731 1169 3783 Item
1192 3731 1288 3798 paucis·

362 3803 453 3857 diebus
472 3809 533 3872 post
551 3804 623 3857 4000
641 3805 742 3872 equites
761 3804 794 3856 ab
814 3804 894 3856 altero
914 3818 967 3855 eos.
987 3802 1104 3855 Arimino
1124 3802 1283 3870 praemissos

363 3875 441 3942 capit.
472 3874 536 3928 lndo
554 3876 581 3926 in
600 3875 725 3927 Picenum
743 3874 886 3942 proiectus
906 3874 1024 3926 exercitu
1042 3874 1150 3938 refecto,
1169 3873 1197 3924 in
1214 3872 1285 3940 Apu·

261 3940 267 3953 “
363 3945 424 3997 liam
441 3945 620 4015 progreditur,
645 3946 690 3998 ubi
709 3945 812 3997 obviam
829 3945 908 3999 habet
929 3943 959 4003 Q.
977 3946 1082 3996 Fabiam
1099 3945 1236 3997 Maximam
1254 3941 1290 3993 ΙΙ

361 4035 406 4082 pro
426 4019 552 4080 dictatore,
573 4021 648 4068 caute
666 4020 822 4079 versantem,
842 4030 925 4082 neque
944 4030 1072 4068 summam
1089 4015 1128 4067 rei
1146 4017 1174 4066 in
1193 4014 1284 4067 discri-

363 4102 423 4139 men
448 4088 660 4139 committentem.
702 4087 787 4139 Hann.
812 4087 840 4139 in
859 4085 948 4155 Camp.
969 4086 1100 4154 profectus
1124 4089 1150 4136 et
1169 4100 1227 4136 cum
1245 4083 1285 4135 in·

363 4158 436 4226 genti
454 4159 551 4227 praeda
576 4161 708 4210 revertens
728 4157 859 4210 Romanos
879 4157 938 4208 dolo
958 4158 1051 4220 eludit,
1075 4155 1142 4207 unde
1162 4154 1285 4206 audacior
1302 4172 1303 4175 ¹

364 4227 449 4281 iactus
469 4229 501 4281 M.
521 4229 650 4282 Minucius
669 4227 753 4281 Rufus
772 4244 840 4296 mag.
860 4244 910 4296 eq,
934 4229 979 4295 qui
997 4245 1013 4280 a
1030 4242 1090 4294 pop.
1110 4225 1169 4292 lege
1188 4224 1286 4276 Metilia

362 4313 452 4365 parem
476 4316 534 4352 cum
559 4301 686 4352 dictatore
710 4302 867 4367 potestatem
887 4302 1037 4367 acceperat,
1060 4295 1154 4350 incidit
1176 4294 1286 4346 11111111-

255 4379 257 4382 ’
364 4369 433 4437 dias,
458 4386 491 4422 ex
510 4371 604 4439 quibus
623 4387 669 4438 per
687 4370 799 4422 Fabium
817 4371 941 4422 liberatus
965 4368 1073 4421 eandem
1097 4365 1159 4419 belli
1179 4363 1286 4433 gerendi

363 4441 491 4493 rationem
508 4442 610 4510 probat.
638 4441 669 4494 In
681 4440 758 4509 Hisp.
777 4441 807 4493 Ρ.
826 4444 853 4492 11
866 4440 913 4493 Cn.
928 4440 1066 4507 Scipiones
1079 4437 1183 4490 iberum
1202 4438 1286 4488 trans

363 4515 425 4565 eunt
441 4526 547 4581 remque
565 4525 689 4581 prospere
708 4514 810 4581 gerunt.
839 4509 1010 4563 Comitiorum
1028 4523 1108 4561 causa
1119 4507 1150 4560 L.
1161 4507 1286 4561 Veturius

442 4600 446 4606 .
617 4600 620 4607 ,
1029 4590 1032 4596 .
1050 4595 1085 4645 6,
