3012 5062
356 483 361 487 .
387 437 419 484 ab
438 452 502 485 anno
521 451 544 485 a.
557 433 615 487 (lue.
625 439 685 491 ,uui
704 450 783 498 usque
796 439 832 487 „ad
849 453 939 487 aunum
953 439 1011 487 247.
1240 439 1281 495 lt

360 680 432 723 oraru
448 653 547 736 legunt
560 670 587 719 et
605 664 770 734 praedantur,
789 667 842 723 sed
859 667 889 721 iu
906 670 1089 737 tempestatem
1111 669 1231 722 insidunt
1248 669 1281 721 ad

138 781 146 787 .
359 739 507 807 Heningem
525 738 647 802 insulam,
666 753 700 791 ex
718 753 770 805 qua
787 754 867 806 aegre
885 740 990 803 serrati,
1009 739 1070 792 dum
1089 739 1216 792 Panormo
1230 740 1280 793 ltu-

114 840 122 849 ·
252 846 276 865 .-
359 811 421 865 liam
437 809 682 877 repetunt-iterum
700 813 773 862 mutu
791 810 865 862 alade
880 809 1035 874 aifloiuntnr,
1055 815 1084 862 ut
1096 813 1201 864 sanatus
1215 813 1280 863 mari

156 922 159 929 .
357 880 671 944 absurerdameeueeet,
688 880 741 935 nisi
753 883 818 947 quot
826 880 938 937 naribus
949 885 1108 935 commeatus
1120 882 1280 934 exercitibus
1304 880 1307 885 '

343 952 535 1018 deportantur.
573 949 727 1017 Triumphal
744 954 831 1007 umen
850 950 879 1004 0.
898 951 1000 1019 Sempr.
1020 967 1074 1005 eos.
1093 951 1127 1004 de
1142 953 1248 1007 Poenis.

396 1020 525 1077 censeres
545 1020 576 1073 D.
587 1020 681 1073 lunius
694 1021 768 1084 Pera,
787 1021 818 1073 L.
831 1021 982 1079 Postumius
994 1023 1130 1091 Megellus,
1149 1024 1194 1090 qui
1212 1024 1280 1076 idem

360 1096 464 1160 praetor
483 1095 546 1147 erat
584 1092 640 1145 Hoe
659 1095 761 1147 menno
779 1092 825 1144 ille
843 1093 955 1149 abdicat

131 1165 189 1218 252
241 1163 293 1217 502
331 1162 392 1216 Ges.
414 1164 441 1215 0.
459 1163 577 1214 Aurelius
592 1163 671 1226 Colla,
690 1163 856 1215 RSeruilt'ua
871 1163 1008 1225 Guium.)
1042 1163 1100 1216 Tib.
1117 1163 1281 1216 Coruuoauiua

358 1235 457 1302 primus
476 1232 595 1302 pestifer
613 1233 743 1286 maximus
762 1235 791 1285 de
808 1235 879 1300 plebe
895 1233 994 1298 meleu,
1018 1234 1088 1286 idem
1105 1235 1280 1302 peritissimus

282 1340 285 1347 ι
358 1306 424 1358 iuris
448 1302 584 1375 pontificii.
628 1303 688 1357 (los.
712 1305 844 1357 Himeram
864 1306 986 1373 sapiunt,
1011 1304 1133 1359 Aurelius
1150 1305 1281 1374 Liparum,

361 1376 408 1429 sed
426 1390 513 1442 neque
530 1374 588 1438 boo,
607 1389 656 1427 nee
676 1376 798 1442 sequenti
814 1391 882 1429 anne
900 1377 928 1429 in
939 1376 1025 1443 planis
1040 1392 1099 1429 eum
1111 1376 1207 1429 Poenis
1220 1391 1280 1428 eon·

359 1446 434 1519 gredi
451 1446 557 1509 audent,
581 1445 753 1499 Hasdrubalis
773 1447 917 1501 exereitum
939 1450 968 1501 el
985 1447 1138 1515 elephantos
1160 1447 1212 1500 140
1229 1462 1281 1500 me-

357 1520 470 1571 tuentes.
495 1566 499 1567 ff

395 1587 473 1643 (leus.
495 1582 537 1639 Μ’.
554 1585 674 1639 Valerius
697 1586 835 1651 Messalla,
866 1588 895 1640 P.
919 1588 1055 1657 Sempron.
1080 1588 1183 1655 Sophus
1208 1604 1280 1641 seve-

356 1675 413 1794 }am
440 1672 576 1793 eugyppium
593 1661 703 1726 agam,
733 1658 816 1711 lustro
849 1674 930 1712 censa
955 1664 1018 1713 sunt
1051 1658 1156 1712 297797
1185 1660 1279 1727 capita
1301 1722 1303 1725 Ι

377 1730 451 1783 lustr.
523 1768 529 1779 .

133 1801 187 1855 ubl
239 1799 291 1854 503
329 1798 390 1855 (los.
408 1801 440 1855 L.
462 1800 586 1853 Caecilius
603 1798 728 1861 Metellus,
753 1798 781 1849 0.
799 1799 890 1851 melu
907 1799 1010 1851 Pacilus
1028 1798 1124 1850 frustra
1141 1800 1169 1852 in
1188 1799 1281 1853 Sicilie

360 1872 456 1927 bellum
494 1875 577 1923 eruut.

132 1942 191 1996 250
239 1940 291 1995 504
329 1942 390 1996 Coe.
411 1943 439 1995 0.
458 1886 553 1994 Agla'lius
572 1940 683 2007 &palus
701 1940 740 2004 II,
758 1939 791 1991 L.
806 1940 919 1993 Manlius
934 1940 1008 1992 Valeo
1026 1940 1107 2008 Loup.
1126 1941 1181 2004 11.)
1212 1939 1292 1993 Dum·

359 2014 453 2069 elassis
470 2015 499 2065 in
517 2012 594 2067 ltalia
611 2027 628 2063 a
645 2025 700 2063 uos
720 2015 897 2079 eomparatur,
919 2011 952 2063 L.
971 2012 1089 2065 Metellus
1109 2026 1211 2079 prosus.
1231 2013 1279 2065 Pa'·

358 2085 442 2137 normi
460 2085 594 2146 obsessus,
613 2081 806 2149 opportunitate
824 2083 863 2134 rei
880 2082 1010 2150 gerendae
1027 2083 1122 2147 oblata,
1142 2099 1201 2136 oum
1212 2083 1279 2137 Has-

358 2155 467 2209 drubale
491 2153 621 2221 confligit,
650 2156 677 2204 et
697 2152 802 2220 ingenti
819 2157 956 2219 reportata
977 2154 1099 2218 uictoria,
1126 2155 1279 2222 elephantos

358 2241 449 2279 omues
467 2226 545 2293 eupit,
564 2224 609 2291 qui
626 2224 654 2277 in
672 2224 802 2291 triumpho
821 2224 1000 2289 obeunduoti,
1019 2225 1116 2277 Romae
1135 2226 1279 2279 missilibus

359 2297 521 2351 oeoiduntuu
562 2294 682 2349 Metellus
705 2295 855 2361 speciosum
877 2296 1036 2363 triumphum
1058 2296 1120 2364 agit.
1162 2296 1279 2365 Regulus

359 2371 414 2421 hum
434 2366 592 2434 Cartbagine
609 2365 718 2419 Romam
740 2366 837 2419 missus
856 2365 888 2418 da
905 2366 1068 2432 redimendis
1083 2364 1193 2435 captivis
1212 2383 1279 2419 mor-

357 2443 410 2495 tem
426 2438 516 2496 subire
528 2435 636 2499 maruli,
654 2450 731 2503 quam
744 2435 886 2503 quidquam
897 2436 1022 2491 Romanis
1035 2437 1128 2490 inutile
1141 2438 1261 2491 suadere.

394 2507 454 2561 Cos.
474 2523 533 2560 eum
552 2507 638 2559 elassa
661 2520 753 2561 reeens
773 2510 923 2575 comparata
941 2508 969 2561 in
986 2506 1060 2560 Sieil.
1079 2508 1190 2575 profesti
1207 2508 1279 2576 Lily·

235 2596 239 2605 *
357 2579 451 2633 basum
469 2578 541 2635 omni
559 2580 685 2647 apparatu
703 2582 863 2645 oppugnarit,
882 2576 1006 2631 sedeam
1026 2578 1088 2630 urbs
1108 2593 1280 2648 summapru·

246 2688 250 2697 ›
340 2650 446 2719 dantia
463 2665 495 2702 ao
515 2649 609 2703 uirtute
628 2648 661 2700 ab
673 2647 821 2701 Himilcone
840 2647 1001 2712 defendatur,
1022 2650 1138 2703 ineeusis
1157 2651 1279 2718 operibus

357 2722 412 2779 suis
431 2734 534 2773 omnem
552 2734 627 2786 spem
646 2720 674 2773 in
692 2717 829 2772 obsidione
847 2719 943 2773 habere
962 2723 1098 2787 eoguntur.

129 2792 188 2849 249
237 2790 291 2845 505
329 2789 390 2845 Ges.
408 2791 440 2843 P.
456 2791 574 2845 Claudius
591 2789 709 2853 Pulcher,
732 2789 765 2841 L.
782 2789 869 2843 Iunius
886 2789 998 2851 Pelle.)
1034 2789 1064 2842 P.
1085 2789 1218 2854 Claudius,
1237 2805 1280 2843 su·

356 2862 436 2930 perbe
454 2861 620 2929 reprehensis
642 2859 757 2928 priorum
775 2858 869 2913 dueum
888 2860 1019 2923 consiliis,
1046 2874 1105 2912 eum
1122 2860 1278 2925 Adherbale,

267 2968 269 2972 ι
357 2933 472 3001 Drepani
483 2931 624 3000 praefacto,
643 2945 758 2999 pugnam
772 2929 890 2983 navalem
903 2931 1058 2998 eonoemptis
1072 2931 1196 2998 auspieiis
1209 2945 1278 2984 oom-

356 3004 450 3068 mittit,
473 3017 556 3070 eaque
573 3016 653 3055 nares
673 3000 707 3054 93
726 3001 833 3064 amittit,
851 3001 908 3068 ipse
921 3016 990 3059 eum
1007 3001 1097 3068 pausis
1117 3000 1210 3054 evadit.
1247 3001 1278 3053 In

356 3073 460 3131 Italiam
478 3076 615 3127 reuocatus
635 3075 752 3127 sanatum
771 3071 845 3135 ludit,
868 3071 1023 3127 uouemere
1041 3071 1132 3125 diuam
1149 3072 1183 3124 u.
1202 3070 1279 3125 Glau-

116 3196 120 3201 .
356 3145 429 3201 dium
449 3144 569 3208 uirium,
588 3144 633 3210 qui
651 3142 738 3199 sariba
753 3141 847 3207 iuerat,
867 3142 935 3208 (siue
953 3158 1022 3211 mag,
1042 3142 1098 3210 eq.)
1118 3145 1145 3195 al
1162 3143 1215 3196 aito
1234 3142 1278 3196 ab·

216 3250 221 3255 -
357 3215 444 3271 disere
463 3231 493 3269 se
513 3218 619 3269 eoaotus
638 3217 687 3269 est

264 3290 267 3296 '
391 3287 465 3339 Alter
489 3301 543 3339 aas
566 3300 628 3347 oum
650 3284 751 3354 urenti
775 3284 860 3337 elassa
883 3284 988 3336 navium
1011 3285 1186 3341 onerariarum
1208 3285 1280 3338 eirea

358 3357 510 3426 Paohynum
527 3360 599 3409 metu
619 3354 782 3409 Carthalonis
801 3356 852 3408 sibi
869 3355 1020 3409 insidiantis
1037 3369 1158 3421 versans,
1180 3359 1278 3425 tempe·

336 3431 431 3483 etate
448 3432 505 3482 orta
526 3428 553 3481 in
577 3427 653 3481 litore
675 3427 940 3494 inpertuoaototere
962 3426 1073 3481 classem
1098 3427 1198 3496 perdit,
1227 3441 1279 3496 qao

329 3540 334 3547 „
358 3498 463 3563 laetum,
475 3502 506 3551 ut
518 3503 624 3551 senatus
636 3498 730 3551 ilerum
743 3499 807 3548 mari
818 3500 985 3551 abstiueuduru
997 3500 1140 3553 daemoes.
1161 3497 1279 3553 Diolator

358 3571 397 3625 rei
420 3571 450 3623 in
467 3569 558 3625 Sieiliu
581 3569 710 3638 gerendae
733 3583 814 3620 eausa
838 3569 935 3622 dicitur
955 3570 987 3621 A.
1012 3569 1108 3621 Atilius
1134 3566 1278 3633 Calatinus,

325 3690 331 3701 ,
355 3642 453 3709 primus
471 3645 547 3693 extra
563 3640 668 3695 ltaliam
685 3637 732 3703 (L.
750 3638 883 3693 Caecilius
902 3640 1022 3703 Metellus
1041 3655 1109 3707 mag.
1129 3639 1180 3707 eq.)

129 3710 185 3763 248
236 3710 289 3765 506
326 3710 565 3767 Ceu-Odere&
580 3711 652 3763 Colla
669 3710 708 3773 11,
727 3709 893 3762 RServa'liua
908 3708 1089 3772 GeminusII.)
1121 3705 1277 3762 Humilem

356 3779 478 3837 Bessus
498 3781 620 3850 eaubag.
639 3781 693 3837 duu
710 3781 737 3832 iu
748 3778 829 3835 Sieil.
848 3781 967 3845 mittitur,
987 3782 1031 3848 qui
1048 3781 1211 3834 Bruttiorum
1227 3781 1278 3834 Lu·

269 3906 272 3913 ,
356 3867 531 3920 ramorumque
550 3868 621 3907 oram
638 3851 793 3915 maritimam
809 3851 961 3919 populatus,
983 3852 1011 3904 in
1030 3851 1122 3907 Sicilia
1138 3852 1278 3921 Episreten
1307 3872 1311 3880 ·

335 3978 338 3985 ,
357 3928 468 3992 mcupal
485 3925 554 3976 inter
572 3923 672 3979 medios
690 3923 790 3986 hostes,
813 3937 920 3989 eamque
939 3925 1034 3977 tuetur.
1056 3922 1184 3979 1Romsni
1201 3940 1216 3975 a
1235 3924 1278 3976 bi·

356 3995 449 4062 lybaeo
471 4010 525 4048 non
548 3992 695 4049 discedunt.
725 4019 759 4029 ·-
785 3992 912 4059 Asuuium
935 3997 963 4047 at
985 3994 1088 4047 Alsium
1110 3994 1160 4047 eol.
1182 3994 1278 4047 uirium

355 4065 490 4119 deductae.
899 4114 903 4119 ,

130 4136 186 4191 247
237 4134 289 4188 507
328 4133 388 4195 Cos.
408 4137 441 4187 L.
464 4136 586 4188 Caecilius
603 4136 720 4187 Metellus
738 4135 777 4198 H,
805 4133 840 4186 N.
859 4136 954 4187 Fabius
970 4136 1055 4189 Beue
1074 4135 1165 4188 diuisis
1185 4134 1276 4203 copiis,

177 4234 183 4259 ε
204 4246 212 4261 ,
295 4218 298 4225 ’
353 4205 443 4274 Lilyb.
462 4207 621 4274 elureprna
639 4206 774 4270 obsidenl;
793 4206 886 4261 elassis
905 4205 1064 4274 privatorum
1084 4206 1176 4274 opibus
1189 4220 1220 4257 ae
1233 4219 1277 4274 pe·

355 4277 438 4333 rieule
458 4281 607 4346 comparata
624 4277 763 4346 praedatur
780 4293 827 4345 per
846 4292 918 4330 oram
935 4278 1047 4333 Africae.

392 4346 471 4411 Gens.
493 4348 526 4405 A.
549 4349 646 4401 Atilius
670 4348 762 4414 Galat,
789 4348 820 4401 A.
844 4346 1123 4414 Manlius,Torquatus
1147 4347 1207 4399 lust.
1232 4345 1275 4399 38.

356 4431 427 4473 aeus.
446 4418 560 4473 luisse.
1133 4430 1136 4435 ’

306 4530 308 4537 .
391 4488 515 4551 Nascitur
531 4489 663 4549 Hannibal
679 4488 827 4549 Poenorum
844 4489 999 4557 imperator..
