3062 5064
146 468 192 509 xil
630 453 668 500 De
679 453 826 500 auctoribus

63 700 67 708 ἱ
146 635 215 688 bella
231 633 370 701 praecipue
388 633 543 699 persecutos
563 633 611 683 est
643 628 715 685 Idem
733 629 854 694 Nearchi,
870 627 998 696 praefecti
1016 627 1091 695 regii,
1109 629 1302 681 commentariis

147 735 211 772 usus
228 719 387 788 singularem
403 717 521 770 libellum
539 715 571 768 de
588 716 679 770 Indica
697 714 863 784 expeditione
879 713 1022 768 Alexandri
1038 715 1194 782 composuit,
1217 715 1301 767 bonae

147 807 230 875 frugis
249 806 363 875 plenum.
398 804 538 856 Praeterea
555 803 707 855 Plutarchus
722 804 862 855 Alexandri
878 801 958 854 111111
977 815 1025 853 111
1040 801 1143 853 ratione
1156 800 1304 868 descripsit,

147 896 163 946 i.
178 909 200 945 1.
221 895 250 943 11
266 891 399 943 hominum
416 905 502 943 mores
522 892 599 958 atque
616 905 659 942 res
678 891 793 958 privatas
812 889 959 941 accuratius
972 886 1123 954 explicaret,
1142 898 1220 956 quam
1234 886 1306 939 bella

147 983 193 1031 aut
210 978 333 1031 instituta
348 975 463 1043 publica
506 975 560 1029 Sed
577 979 686 1028 Diodori
707 977 773 1029 hber
793 975 835 1040 17,
859 976 887 1027 in
905 973 996 1028 eodem
1013 977 1166 1042 argumento
1188 987 1305 1036 versans,

148 1065 280 1134 pessimus
300 1064 349 1126 est,
368 1077 398 1114 ac
417 1062 555 1130 perspicue
574 1062 697 1126 ostendit,
720 1062 872 1131 quantulum
890 1060 952 1114 fidei
967 1060 1117 1113 huiusmodi
1134 1060 1306 1128 scriptoribus

148 1149 317 1204 tribuendum
332 1149 375 1212 sit,
394 1149 446 1200 nisi
468 1148 499 1201 (11
518 1149 672 1201 auctoritate
689 1148 821 1213 librorum,
841 1162 906 1216 quos
919 1146 1100 1214 excripserint,
1119 1147 1183 1199 satis
1195 1149 1271 1198 const
1287 1147 1305 1196 l.

148 1238 180 1291 ln
196 1238 245 1289 hac
265 1235 369 1304 quidem
388 1235 476 1302 operis
494 1238 569 1302 parte
588 1234 731 1287 Diodorum
746 1235 879 1298 Clitarclo,
898 1234 1035 1302 ingenioso
1054 1234 1184 1302 scriptori,
1203 1231 1250 1285 sed
1268 1232 1307 1285 hi·

149 1324 246 1377 storico
263 1337 353 1390 parum
372 1320 452 1385 fideh,
470 1322 553 1373 totum
572 1335 631 1373 sese
649 1320 789 1374 tradidisse
809 1324 969 1389 compertum
988 1322 1036 1372 est.

219 1409 261 1461 Ex
279 1422 330 1475 quo
348 1407 512 1475 intelligitur,
531 1420 609 1475 quam
620 1407 748 1460 lubricum
762 1420 881 1476 campum
893 1405 1077 1475 ingrediamur,
1096 1421 1156 1460 cum
1169 1405 1203 1459 ad
1214 1425 1307 1458 111111-

150 1512 218 1549 sorer
229 1495 368 1547 Alexandri
379 1494 472 1560 Magri
491 1487 646 1559 (διαδόχους
659 1493 754 1547 Graeci
772 1492 919 1562 appellant)
938 1497 964 1546 et
975 1508 1065 1560 eorum
1076 1496 1216 1562 perpetuas
1230 1495 1307 1560 atque

149 1583 323 1637 internecivas
343 1581 524 1633 contentiones
544 1582 672 1645 venimus,
696 1581 792 1648 quippe
811 1595 875 1648 quas
894 1581 926 1632 ab
945 1594 996 1632 unc
1015 1582 1120 1633 auctore
1138 1581 1251 1632 Diodoro
1268 1594 1308 1631 re-

150 1670 205 1739 peti
223 1681 333 1721 necesse
352 1667 399 1730 sit,
424 1666 477 1719 nisi
494 1667 540 1719 ubi
557 1668 707 1719 Plutarchus
725 1668 753 1719 in
771 1667 832 1719 vilis
852 1668 1020 1719 Demosthenis
1044 1669 1071 1719 et
1089 1667 1231 1732 Phocionis,
1255 1667 1309 1717 Ea·

150 1758 233 1821 roais,
250 1755 379 1817 Demetrii,
397 1753 491 1821 Pyrrli
507 1753 668 1821 aliquantum
687 1752 754 1806 lucis
773 1753 895 1806 affundit:
914 1769 999 1821 neque
1017 1755 1105 1805 111111
1125 1754 1208 1805 taceri
1223 1752 1309 1817 debet,

151 1843 293 1896 Diodorum
311 1841 338 1893 in
355 1841 405 1893 hac
423 1840 528 1907 quidem
546 1841 632 1908 operis
649 1845 724 1909 parte
737 1839 809 1902 (libr.
826 1839 867 1893 18.
882 1838 996 1904 mro),
1015 1855 1074 1892 oum
1087 1840 1234 1907 Hieronymi
1248 1840 1309 1890 Oar-

153 1930 223 1980 dr'aai
240 1927 356 1980 historiis
375 1941 441 1993 usus
459 1928 502 1991 sit,
521 1927 599 1995 longe
617 1927 711 1979 melius
730 1940 808 1994 quam
826 1926 854 1978 in
871 1927 950 1980 rebus
968 1925 1111 1978 Alexandri
1129 1924 1309 1978 describendis

152 2017 287 2067 versatum
311 2011 402 2064 videri.
443 2013 548 2064 Arriani
565 2013 689 2066 librorum
714 2012 746 2065 de
763 2012 841 2066 rebus
863 2016 925 2081 post
941 2010 1117 2065 Alexandrum
1135 2012 1200 2067 nihil
1216 2016 1313 2077 111111,

151 2103 255 2170 praeter
271 2113 355 2167 pauca
374 2101 497 2166 excerpta
515 2098 584 2167 apud
607 2099 721 2150 Plotium
740 2098 803 2153 God.
823 2098 870 2164 92,
893 2114 959 2167 quae
980 2100 1088 2152 minime
1104 2099 1189 2151 levem
1205 2098 1311 2151 illorum

151 2189 279 2241 iacturam
297 2200 356 2238 esse
375 2186 440 2238 satis
458 2184 611 2238 ostenduntr
635 2189 726 2238 contra
743 2185 835 2238 Iustior·
853 2185 966 2254 epitome
983 2185 1049 2238 nihil
1067 2188 1108 2239 est
1125 2187 1153 2238 in
1170 2185 1219 2238 hac
1237 2188 1311 2254 parte

152 2273 337 2344 perturbatius,
356 2272 421 2324 nihil
438 2271 597 2323 mendacius.
874 2269 875 2272 ’

224 2361 329 2413 Ι111111
349 2359 500 2411 Macedonia
523 2359 549 2409 et
570 2356 678 2409 Graecia
702 2358 770 2422 ipra,
797 2373 905 2426 quarum
928 2360 1062 2428 possessio
1085 2360 1191 2428 regibus
1214 2359 1311 2411 bellum

156 2448 308 2516 gerentibus
327 2448 459 2514 tamquam
475 2444 596 2496 ultimum
618 2442 761 2510 praemium
783 2445 945 2513 propositum
964 2449 1032 2510 erat,
1055 2460 1176 2514 magnam
1192 2444 1312 2497 11111111

153 2535 306 2587 varietatem
324 2534 446 2600 expertae
466 2533 552 2584 erant:
572 2532 599 2582 11
617 2533 785 2598 accesserant
800 2531 895 2583 Gallici
914 2534 1028 2584 amolior
1047 2531 1089 2595 (de
1108 2532 1202 2600 quibus
1221 2533 1313 2584 111111

155 2624 196 2675 est
213 2621 356 2671 Pausanias
374 2620 402 2671 in
414 2617 536 2671 Phociois
556 2630 577 2668 s.
590 2616 636 2669 lib.
646 2615 682 2680 X,
701 2632 757 2684 cap.
770 2617 883 2682 19-23,
902 2621 928 2671 et
946 2619 973 2671 in
991 2618 1088 2672 Atticis
1108 2634 1129 2671 s.
1147 2618 1192 2670 lib.
1203 2617 1224 2682 l,
1242 2633 1265 2670 c.
1274 2617 1312 2682 4),

155 2708 200 2776 qui
221 2705 399 2758 Macedoniam
421 2704 575 2773 affligerent.
618 2703 735 2755 Tandem
762 2718 821 2755 cum
839 2705 988 2773 Antigonus
1008 2705 1137 2769 (1111111,
1161 2704 1245 2776 Gallis
1268 2702 1312 2756 de·

155 2794 254 2863 pulsis,
278 2791 445 2844 Macedoniae
464 2805 573 2859 regnum
592 2793 742 2854 assecutus,
767 2807 782 2842 a
806 2793 961 2859 gravissimo
985 2791 1133 2845 adversario
1150 2792 1247 2859 molo
1266 2790 1313 2853 (de

155 2881 230 2934 cuius
254 2878 332 2932 rebus
362 2877 422 2928 ride
435 2876 578 2928 vPlutarchi
604 2875 713 2938 librum)
737 2877 862 2930 hberatus
882 2880 965 2942 esset,
988 2882 1097 2946 1111111
1119 2882 1189 2931 11111
1207 2878 1313 2930 meliore

156 2970 226 3020 statu
244 2981 330 3018 rerum
348 2963 399 3016 irui
418 2963 513 3031 coepit,
533 2963 594 3015 dnm
606 2962 761 3015 Macedones
780 2963 912 3031 legitimos
931 2979 1008 3033 reges
1028 2979 1089 3016 suos
1107 2964 1213 3027 habent,
1233 2962 1313 3016 Grae·

145 3068 246 3106 corum
258 3053 374 3114 libertas,
392 3049 520 3102 institutis
533 3047 697 3102 Achaeorum
710 3051 737 3100 11
748 3048 899 3102 Aetolorum
912 3052 1040 3115 conciliis,
1060 3049 1210 3103 efflorescit.
1238 3049 1314 3113 Quod

155 3141 236 3209 igitur
254 3139 383 3206 reliquum
405 3139 447 3189 est
460 3136 597 3188 ’1111111111
617 3134 775 3188 Graecorum
793 3137 820 3187 et
837 3136 1007 3190 Macedonum
1025 3151 1110 3204 usque
1130 3136 1162 3189 ad
1179 3137 1314 3190 interitum

156 3226 294 3289 libertatis,
312 3222 408 3291 partim
428 3238 444 3272 a
461 3237 548 3274 rerum
565 3221 739 3273 Romanarum
759 3223 919 3289 auctoribus,
936 3225 1063 3292 imprimis
1081 3224 1165 3288 Livio,
1188 3225 1234 3291 qui
1251 3238 1315 3291 quc-

156 3311 312 3376 tiescunqne
329 3307 441 3359 facultas
459 3307 543 3370 datur,
563 3307 594 3358 de
613 3310 684 3359 statu
697 3308 823 3361 Graeciae
841 3325 983 3363 memorare
1001 3325 1053 3363 non
1070 3312 1174 3375 omittit,
1191 3311 1315 3379 partima

159 3397 260 3449 duobus
281 3393 390 3447 Graecis
410 3393 590 3460 scriptoribus,
608 3395 743 3448 Plutarcho
762 3395 805 3458 (in
823 3397 884 3449 ritis
902 3398 979 3449 Arati
996 3401 1023 3449 11
1033 3398 1234 3464 Plilrpoemeris,
1251 3398 1315 3465 Api-

158 3484 242 3534 (11111
262 3478 408 3540 Gemens)
427 3482 454 3531 et
471 3479 575 3547 Pogbio
593 3482 726 3549 repetitur.
763 3482 867 3551 Polybii
886 3484 990 3551 quidem
1008 3485 1174 3537 historiarum
1192 3485 1261 3548 libri,
1282 3484 1315 3536 de

158 3568 253 3638 quibus
271 3566 349 3634 paulo
367 3569 429 3634 post
446 3565 585 3618 dicendum
604 3568 662 3632 erit,
680 3572 782 3637 praeter
801 3570 915 3637 quinque
933 3571 1014 3624 libros
1027 3572 1136 3640 priores,
1155 3585 1208 3623 non
1219 3571 1316 3639 integri

159 3655 192 3708 ad
209 3656 324 3707 nostram
342 3655 454 3704 aetatem
471 3656 607 3718 venerunt,
625 3658 794 3708 rorantemen
813 3658 854 3708 tot
872 3659 977 3723 tamque
995 3657 1111 3725 insignia
1122 3658 1270 3725 fragmenta
1282 3656 1315 3709 de

158 3741 237 3794 rebus
256 3738 415 3792 Graecorum
433 3742 536 3791 serrata
554 3743 626 3805 sunt,
650 3744 680 3794 ut
702 3757 749 3795 suo
774 3742 886 3810 quodam
902 3743 959 3795 iure
977 3743 1046 3797 inter
1063 3745 1219 3812 praecipuos
1237 3744 1315 3797 huius

144 3872 146 3876 Α
160 3826 255 3881 aetatis
274 3828 394 3878 auctores
412 3823 503 3876 referri
520 3825 621 3879 debeat.

230 3912 350 3965 Aliorum
368 3927 430 3964 vero
448 3932 575 3980 regnorum
598 3918 659 3983 post
680 3932 795 3984 pugnam
815 3918 883 3985 apud
901 3917 991 3986 Ipsum
1010 3917 1076 3980 (301
1097 3933 1120 3970 1.
1134 3915 1212 3982 Ohr.)
1231 3935 1247 3969 a
1263 3917 1317 3970 lla-

160 3999 304 4054 sedenibus
327 4002 353 4051 ia
370 3999 434 4052 Asia
453 4011 477 4052 at
494 4000 607 4069 Aegypto
626 4005 773 4055 conditorum
796 4004 899 4055 listoria
921 4019 1029 4072 prorsus
1051 4003 1138 4057 nullos
1160 4003 1240 4057 habet
1261 4004 1316 4056 ido-

161 4100 227 4139 neos
246 4089 376 4150 auctores,
394 4101 480 4154 neque
499 4102 561 4140 sane
579 4088 681 4141 videtur
699 4104 854 4158 magnopere
873 4092 974 4155 mereri,
995 4092 1116 4158 quoniam
1133 4090 1233 4159 populi,
1251 4105 1316 4158 quos

164 4171 268 4225 nescias
288 4170 403 4224 Graecos
423 4189 456 4224 an
474 4173 598 4227 barbaros
617 4176 742 4244 appehes,
761 4177 831 4229 omni
847 4177 940 4229 robore
957 4178 1102 4230 animorum
1119 4178 1251 4241 carebant,
1274 4191 1317 4229 res

161 4257 280 4310 militonis
303 4273 384 4326 panes
408 4259 548 4314 seditiosos
572 4265 599 4314 et
621 4262 740 4316 imbehes
758 4264 934 4317 mercenarios
958 4267 1022 4329 erat,
1045 4265 1135 4332 regiae
1152 4262 1245 4316 domus
1264 4261 1317 4322 An-

160 4344 273 4397 tiochiae
292 4349 320 4397 11
336 4344 510 4400 Alexandriae
527 4348 632 4400 luxuria
650 4348 802 4402 diffluebant
820 4351 941 4417 omnique
961 4366 1057 4419 genere
1075 4349 1204 4403 scelerum
1223 4336 1318 4403 11111-

162 4431 285 4499 gitiornm
304 4433 554 4486 contammabantur.
596 4434 724 4502 Pleraque
743 4435 775 4488 ad
793 4437 929 4491 historiam
947 4437 1039 4490 horum
1056 4450 1196 4505 regnorum
1214 4451 1248 4488 ex
1267 4435 1318 4487 lto-

162 4537 287 4570 rraaamm
304 4537 383 4571 raram
400 4521 560 4587 scriptoribus
578 4524 727 4586 sumuntur,
751 4524 873 4593 quoniam
894 4524 971 4577 huius
989 4522 1080 4595 populi
1094 4521 1240 4577 auctoritas
1256 4521 1319 4574 inde
