3012 5062
691 417 801 471 Annua
816 417 922 469 Romani

293 608 304 636 I*
345 607 368 635 u.

466 647 601 701 Demetrio
619 647 728 713 Phario,
752 648 846 705 deinde
868 649 949 703 maris
972 663 1045 703 oram
1068 649 1198 717 urbesque
1215 648 1400 717 Apolloniam,

466 718 638 786 Dyrrachium
656 719 688 781 (s.
707 719 898 787 Epidamnum),
918 719 1049 784 Nutriam,
1068 724 1223 788 gentemque
1236 719 1402 774 Atintannm

466 791 494 841 iu
513 788 672 841 deditionem
695 791 836 858 accipiunt
874 789 921 843 Cn.
942 790 1035 844 Fuluio
1055 791 1162 843 Romam
1183 805 1302 855 reverso,
1326 791 1403 843 alter

466 874 521 915 cos·
539 861 694 927 relinquitur
713 860 746 915 ad
764 860 924 928 praesidium
942 875 1068 917 novorum
1088 862 1225 915 sociorum.

247 931 300 985 008
347 930 400 984 006
438 929 498 984 Cos
517 930 563 997 Sp.
579 931 703 985 Caruilius
720 931 848 984 Maximus
866 932 909 997 11,
941 931 970 991 Ο.
992 933 1085 987 Fabius
1102 933 1174 985 Mau.
1191 933 1316 983 Verrucoa
1340 930 1402 993 II.)

467 1001 523 1053 Pax
541 999 571 1053 fit
590 1017 621 1053 ea
639 1002 802 1066 condicione,
822 1007 851 1055 ut
869 1018 980 1071 regnum
997 1018 1079 1070 penes
1098 1003 1222 1056 Pinneum
1242 1004 1286 1065 sit,
1304 1005 1403 1054 tutore

466 1072 607 1136 Demetrio,
626 1088 691 1125 neve
709 1072 793 1140 Illyrii
818 1073 955 1140 piraticam
979 1077 1132 1136 exerceant3
1156 1075 1231 1126 cuius
1253 1074 1293 1124 rei
1311 1087 1404 1125 cansa

468 1142 601 1206 Romanis,
621 1143 666 1210 qui
678 1143 785 1211 legatos
799 1144 826 1196 in
840 1143 977 1202 Graeciam
994 1145 1130 1208 mismuut,
1147 1143 1250 1211 publice
1262 1146 1318 1195 eta
1334 1158 1405 1196 cou-

469 1214 537 1266 ciliis
556 1213 719 1266 Achaeorum
731 1214 935 1281 Aetolorumque
955 1218 982 1266 et
999 1216 1032 1267 eh
1050 1216 1253 1268 Atheniensibus
1270 1214 1404 1282 insignes

469 1283 581 1336 bonores
601 1284 737 1337 habentur.

504 1353 535 1406 In
558 1354 685 1423 llispauia
712 1369 772 1407 cum
794 1355 942 1409 Poenorum
964 1356 1120 1422 imperatore
1142 1354 1318 1417 Hasdrubale,
1355 1356 1406 1422 qui

469 1438 538 1476 anno
557 1425 690 1492 superiore
709 1425 851 1478 hamilcari
870 1430 1043 1489 successerat,
1061 1430 1166 1494 pactum
1184 1425 1221 1489 fit,
1240 1440 1272 1476 ue
1286 1425 1404 1477 Iberum

469 1509 570 1547 amnem
587 1499 711 1559 transcat,
730 1497 819 1563 utique
839 1495 992 1565 Saguntinis
1011 1496 1119 1550 libertas
1138 1500 1261 1550 serretur.
1319 1534 1322 1538 -

505 1564 534 1621 C.
548 1565 691 1619 Flaminius
710 1566 770 1619 trib.
790 1567 825 1634 pl.
845 1568 930 1635 legem
948 1566 1046 1636 perfert
1058 1567 1090 1620 de
1104 1583 1166 1641 aggo
1180 1568 1276 1619 Piceno
1290 1569 1317 1617 et
1334 1566 1406 1619 Gal·

468 1636 529 1759 licg,
542 1637 632 1757 efiectis
643 1637 799 1760 sssbbnibm'
812 1638 910 1691 viritim
918 1638 990 1706 plebi
998 1638 1146 1703 dividendo,
1160 1637 1216 1691 Cic.
1225 1637 1282 1690 Cat.
1292 1639 1363 1689 mai.
1377 1638 1406 1702 4,

469 1721 498 1759 ee
534 1722 567 1758 c.
587 1723 646 1759 anu.
701 1716 726 1759 ”.

235 1779 301 1832 ,007
351 1778 402 1831 507
441 1775 501 1830 Cos.
519 1779 550 1828 P.
567 1779 680 1830 Valerius
697 1780 811 1841 Flaccum,
835 1778 873 1829 M.
893 1779 988 1831 Atilius
1006 1778 1144 1846 Regulus.)
1181 1779 1303 1838 Quattuor
1317 1797 1408 1844 prae-

469 1859 532 1900 lorea
550 1853 678 1913 creantur,
697 1852 727 1901 ut
746 1850 800 1902 siut
818 1849 863 1916 qni
881 1849 909 1901 in
922 1849 1041 1903 Siciliam
1060 1853 1086 1902 et
1099 1850 1244 1903 Sardiniam
1261 1847 1321 1912 (cui
1342 1849 1407 1902 fere

470 1918 594 1972 adiuncta
612 1918 730 1974 Corsical
750 1935 809 1975 cum
828 1921 937 1986 imperio
956 1921 1095 1987 quotannis
1115 1922 1255 1973 mittantur.
1289 1918 1319 1972 0.
1337 1921 1407 1972 Fla-

468 1990 573 2053 minius,
593 1989 683 2043 Selino
702 1994 778 2054 teste,
797 1991 896 2058 primus
915 1995 1020 2058 praetor
1038 1991 1153 2044 Siciliae.

250 2060 302 2113 006
349 2058 402 2113 508
439 2059 499 2112 Cos.
518 2061 555 2111 M.
571 2061 685 2112 Valerius
697 2062 829 2124 Messalla,
849 2061 880 2113 L.
894 2063 1014 2127 Apustius
1025 2061 1123 2123 Fullo.)
1156 2061 1289 2113 Adversus
1307 2061 1407 2113 immi·

469 2135 573 2183 nentem
585 2131 724 2183 tumultum
738 2131 875 2195 Gallicum,
889 2132 1011 2198 quoniam
1023 2136 1125 2199 p'raeter
1134 2132 1214 2184 Boios
1227 2135 1253 2187 ct
1265 2131 1406 2184 Insubres

470 2202 549 2253 etiam
568 2201 688 2254 Taurisci
706 2205 732 2254 et
752 2202 881 2256 Gaesatae
899 2202 996 2257 bellum
1013 2207 1115 2268 parant,
1136 2203 1232 2255 milites
1251 2201 1408 2269 diligenter

470 2273 682 2337 conscribuntur,
711 2288 762 2340 qno
784 2276 900 2340 tempore
924 2274 951 2324 iu
974 2273 1076 2327 tabulas
1100 2273 1182 2327 relata
1204 2272 1281 2340 paulo
1305 2274 1407 2326 miuus

470 2341 577 2396 800000
595 2344 736 2407 hominurn,
755 2345 800 2411 qui
818 2359 889 2395 arma
907 2343 975 2396 ferre
991 2348 1110 2411 possent,
1127 2347 1248 2396 auctores
1267 2348 1336 2396 sunt
1350 2345 1407 2396 Po·

470 2414 524 2481 lyb.
543 2412 567 2478 0,
587 2413 630 2478 04,
649 2415 717 2467 Plira
736 2414 762 2478 3,
781 2414 823 2467 04.

249 2484 303 2538 005
350 2483 402 2537 509
440 2483 785 2551 Cos.L.AemiliusPapus,
807 2485 1039 2551 astutissimam
1068 2483 1090 2546 .)
1120 2484 1251 2537 Gallorum
1269 2485 1408 2550 ingentes

470 2555 1408 2693 illstssttsldtultltlstlrstttlettltls?

472 2694 542 2748 Galli
561 2696 665 2749 domum
683 2701 844 2750 revertentes
864 2712 923 2750 curu
941 2697 1046 2766 praeda,
1070 2698 1239 2764 sequentibus
1258 2696 1409 2764 Romanis,

470 2767 498 2818 in
516 2766 626 2819 alterum
639 2783 692 2820 cos.
706 2769 833 2832 incidunt,
852 2768 931 2832 Pisis,
950 2783 1001 2835 quo
1014 2784 1047 2820 ex
1061 2767 1169 2821 Corsica
1180 2767 1329 2836 appulerat,
1353 2771 1410 2822 iter

469 2836 620 2902 facientem
637 2840 746 2907 ancipiti
759 2840 815 2891 acie
830 2838 984 2891 circumdati
996 2839 1028 2891 ad
1040 2839 1131 2893 40000
1140 2838 1240 2892 caedua
1285 2879 1292 2902 ‚
1308 2840 1411 2895 10000

470 2909 615 3032 capiuuttpir.
645 2909 677 3033 Cli
687 2910 829 3033 Atiliuetin
842 2925 872 3032 cleo
885 2892 985 3034 phrffleslio
999 2910 1102 2974 cecidit,
1120 2911 1208 2978 itaque
1221 2909 1250 2962 L.
1287 2912 1407 2965 emilius

471 2994 544 3032 sons
597 2996 783 3049 umpnmag1
812 2996 886 3048 spen
957 2996 1060 3037 simum.

471 3049 587 3172 dCen4s2.
606 3051 636 3104 C.
655 3050 780 3105 Claudius
806 3051 920 3116 Centho,
947 3051 1176 3104 ll.1uniusPara
1197 3051 1311 3118 lustrum
1338 3067 1410 3105 con·

489 3124 537 3173 unt
590 3160 596 3172 .

253 3190 306 3244 004
353 3191 406 3244 030
443 3189 503 3243 Cos,
525 3191 554 3243 T.
573 3192 687 3242 Manlius
707 3193 824 3258 Torquet.
843 3193 890 3256 II,
921 3192 950 3252 Q
968 3193 1072 3243 lhluius
1088 3192 1195 3244 chars
1211 3191 1246 3243 ΙΙ
1259 3190 1350 3246 Boios
1373 3193 1410 3246 ad

471 3260 630 3313 dedItiouem
648 3267 753 3330 cogunt,
773 3263 820 3315 scd
833 3277 884 3330 quo
897 3264 983 3316 minus
996 3263 1106 3317 ulterius
1120 3261 1332 3330 progrediantur,
1355 3265 1409 3317 im·

471 3331 561 3383 bribus
580 3335 607 3383 et
624 3333 774 3400 pestilentia
791 3333 976 3401 impediuntur.
1008 3332 1120 3387 Comitia
1137 3330 1165 3387 in
1183 3334 1246 3386 urbe
1263 3332 1410 3388 habentur

180 3452 182 3455 .
476 3416 492 3450 a
509 3400 539 3452 L.
560 3400 674 3455 Caecilio
692 3404 796 3456 IIetello
815 3404 888 3468 dict,
905 3404 938 3457 N.
957 3404 1039 3456 Fabio
1057 3404 1175 3457 Buteone
1193 3419 1259 3472 mag.
1280 3419 1323 3472 eq.

255 3469 307 3525 003
358 3470 408 3523 531
448 3468 509 3523 Cos.
532 3470 559 3522 C.
577 3472 715 3524 Flaminius
732 3474 829 3541 Nepos,
854 3476 885 3527 P.
903 3477 996 3526 Furius
1013 3474 1126 3536 Philus.)
1162 3475 1197 3526 Hi
1214 3474 1322 3527 tandem
1346 3492 1409 3531 cos.

473 3540 573 3592 Padum
591 3542 737 3607 traiioiunt,
764 3545 888 3602 Insubres
912 3546 946 3598 ad
963 3546 1082 3598 Adduam
1101 3547 1220 3609 vincunt,
1244 3560 1299 3597 non
1317 3546 1409 3601 lectis

471 3613 550 3663 antea
567 3615 675 3666 senatus
693 3613 800 3681 litteriS,
820 3618 914 3683 quibus
933 3618 1100 3684 auguriorum
1119 3632 1199 3669 cansa
1216 3615 1344 3669 abdicare
1366 3620 1412 3673 iu·

472 3682 608 3747 bebantur,
619 3687 765 3752 terramque
778 3687 923 3752 devastant,
936 3687 1119 3743 adiuuantibus
1133 3686 1216 3740 Gallis
1227 3686 1410 3743 Cenomanis.

473 3751 571 3806 Contra
588 3769 643 3808 sen.
661 3757 842 3811 auctoritatem
859 3759 950 3827 populi
967 3760 1042 3811 iussu
1058 3758 1226 3825 triumphant,
1244 3757 1292 3810 sed
1303 3759 1411 3813 trium·

472 3823 531 3890 phis
551 3825 617 3879 actis
637 3827 725 3878 statim
746 3828 883 3894 abdicant,
906 3845 924 3883 u
959 3845 1007 3896 per
1027 3830 1186 3898 interregem
1204 3843 1266 3892 cos,
1291 3830 1343 3895 qui
1366 3831 1409 3884 Id.

473 3893 546 3949 biart.
565 3896 669 3960 inirent,
687 3897 750 3950 tucti
768 3914 828 3952 esse
846 3899 991 3953 rideantur.

256 3960 307 4014 000
356 3961 408 4015 530
445 3962 505 4017 Cos.
527 3965 569 4017 Cn.
592 3967 717 4019 Gemellus
734 3969 820 4036 Scipio
842 3970 939 4035 Caluus,
962 3971 1001 4023 M.
1024 3970 1143 4023 Clauditur
1160 3967 1321 4030 Marcellus.)
1361 3971 1411 4025 In·

474 4035 579 4101 subres,
600 4038 696 4105 quibus
720 4056 773 4108 pax
791 4045 887 4109 negata
905 4045 989 4106 esset,
1013 4057 1094 4095 norae
1115 4038 1284 4094 Gaesaturum
1304 4043 1410 4109 copias

473 4104 613 4173 adducunt,
631 4109 756 4163 adversus
775 4126 841 4179 quos
858 4113 970 4180 protecti
987 4126 1040 4165 oue.
1055 4112 1116 4164 dum
1128 4110 1177 4164 Cn.
1191 4110 1267 4163 Corn.
1281 4108 1409 4167 Acerras

474 4176 589 4241 obsidet,
614 4179 647 4230 M.
666 4181 803 4235 Marcellus
829 4182 956 4236 Gaesatas
980 4182 1115 4250 profligat,
1137 4196 1277 4249 eorumque
1301 4181 1411 4237 ducem

474 4245 655 4305 virdomarum
673 4252 770 4311 occidIt
788 4254 854 4321 ipse.
889 4253 1006 4318 Acerris,
1023 4253 1179 4316 hlediolano,
1199 4250 1282 4304 Como
1301 4256 1410 4321 captis,

472 4316 596 4371 Insubres
620 4321 648 4371 iu
672 4321 830 4383 deditionem
853 4323 1000 4393 adigantur.
1042 4323 1102 4381 Cos.
1126 4322 1411 4392 upim8⁸p015²1⁰vi

472 4387 591 4445 Feretrio
610 4390 721 4458 dedicat,
740 4394 882 4462 triumphat
900 4394 956 4449 Cal
973 4395 1049 4449 biart.

256 4452 306 4509 aar
356 4453 408 4509 533
445 4455 505 4513 oa.
524 4461 555 4512 Ρ.
578 4461 704 4515 commo
720 4462 807 4531 sepa
823 4466 913 4532 aaa
936 4466 976 4521 a.
994 4466 1121 4518 maana
1138 4462 1247 4531 ausus.)
1277 4462 1370 4518 ursus
1389 4482 1409 4519 ι
