3062 5064
699 1420 747 1476 DE

305 1506 613 1629 AUCTORIBUS
645 1521 908 1598 HISTORIAE
932 1522 1137 1603 VETERIS

511 1658 658 1721 annus
678 1658 929 1721 rusmnunro.

645 1846 795 1854 *-

192 2004 269 2084 Cum
289 2026 322 2082 de
340 2028 490 2082 auctoribus
508 2028 633 2082 historiae
651 2028 757 2092 veteris,
778 2042 844 2095 quos
862 2028 891 2080 in
908 2029 1088 2097 componendo
1106 2030 1156 2083 hoa
1174 2030 1241 2084 libro
1259 2045 1300 2084 se-

141 2117 196 2169 euti
219 2131 324 2180 sumus,
348 2118 376 2168 et
397 2129 464 2183 quos
486 2116 562 2184 sequi
583 2114 674 2179 debet,
697 2115 845 2183 quicunque
867 2114 935 2168 hana
959 2115 1104 2170 litterarum
1121 2120 1222 2186 partem
1240 2133 1300 2171 aum

139 2201 228 2255 iruotn
245 2200 350 2255 disoere
361 2201 425 2266 vult,
443 2202 535 2270 paneis
548 2200 679 2270 explicare
691 2202 837 2271 aggrediar,
849 2203 896 2255 rix
907 2217 973 2271 opus
986 2203 1089 2256 ridetur
1100 2218 1215 2267 monere,
1227 2203 1298 2257 solos

143 2288 304 2342 Graecorum
316 2287 544 2356 Romanorumque
563 2287 704 2356 soriptores
722 2290 750 2341 in
768 2288 838 2343 huno
858 2304 966 2343 censum
978 2290 1080 2343 venire:
1099 2305 1159 2342 nam
1171 2287 1300 2342 Asiatioa·

141 2391 199 2428 rum
211 2374 372 2442 aliarumque
391 2374 509 2442 gentium
526 2372 693 2427 barbararum
711 2378 757 2428 aut
773 2375 861 2428 nullae
878 2374 984 2430 fuerunt
1000 2376 1116 2440 litterae,
1139 2377 1185 2427 aut
1196 2375 1221 2427 si
1232 2388 1299 2442 quae

141 2460 207 2516 forte
226 2460 339 2525 fuerunt,
357 2461 409 2514 iam
427 2460 528 2530 pridem
546 2461 687 2529 perierunt
718 2462 874 2517 Iudaeorum
891 2466 979 2516 tamen
996 2463 1079 2517 libros
1098 2475 1186 2514 saeros
1205 2460 1299 2529 religio

142 2548 268 2612 servarit,
292 2562 326 2600 ex
349 2549 443 2616 quibus
467 2562 520 2601 uon
543 2546 620 2601 modo
644 2548 728 2616 ipsius
748 2550 835 2618 gentis
854 2549 976 2604 Iudaioae
994 2548 1130 2602 historiam
1147 2547 1300 2616 repetimus,

141 2652 230 2690 verum
253 2635 333 2688 etiam
354 2634 383 2687 in
400 2635 478 2688 rebus
497 2633 642 2687 vieinarum
660 2637 777 2704 gentium
796 2636 938 2705 (imprimis
956 2634 1125 2704 Assyriorum
1143 2637 1170 2687 et
1186 2633 1300 2703 Babylo

141 2721 258 2785 niorum)
276 2721 467 2789 eognosaeudis
485 2719 645 2775 adiuvamur.
675 2722 729 2777 Sed
747 2740 807 2777 oum
826 2724 904 2777 etiem
922 2738 957 2776 ex
973 2722 1076 2791 ingenti
1095 2720 1255 2776 Graecorum
1274 2724 1301 2775 et

140 2810 317 2864 Romanorum
334 2808 491 2877 seriptorum
508 2822 616 2860 numero
634 2808 713 2878 longe
730 2810 856 2879 plurimos
873 2809 1014 2863 vetustatis
1025 2808 1122 2862 iniuria
1132 2808 1300 2878 oppresserit,

140 2911 225 2965 neque
242 2895 297 2948 iere
315 2897 406 2948 extent
422 2893 500 2949 hodie
517 2893 571 2947 nisi
587 2894 778 2962 pretiosissime
795 2900 913 2964 qna'eque
930 2895 1090 2964 menta,
1116 2911 1151 2948 er
1169 2895 1300 2949 communi

140 2984 286 3037 litterarum
302 2978 439 3049 naumain
458 2981 569 3043 serrata,
586 2978 664 3033 iaeile
683 2981 847 3050 intelligitur,
864 2982 930 3035 haec
949 2983 1037 3035 omnia
1054 2981 1087 3034 ad
1105 2985 1193 3050 partes
1211 2981 1301 3035 voeari

143 3072 271 3139 oportere,
289 3070 320 3120 ut
337 3066 483 3120 absolutam
501 3068 627 3134 quantum
638 3065 697 3120 iieri
707 3069 794 3136 possit
803 3083 891 3122 rerum
902 3066 965 3121 olim
977 3070 1110 3134 gestarum
1123 3068 1299 3136 cognitionem

143 3169 321 3223 assequamur,
339 3167 423 3220 neque
441 3152 524 3205 ullum
543 3151 697 3221 scriptorem
715 3168 775 3207 esse
792 3158 847 3208 tam
858 3153 1009 3223 ignobilem,
1028 3169 1062 3207 ex
1073 3169 1124 3222 quo
1137 3169 1190 3208 non
1201 3155 1301 3223 aliquid

144 3242 177 3294 ad
192 3241 330 3295 hmtoriam
348 3237 479 3308 proficias.
515 3238 693 3293 Veruntamen
710 3241 760 3295 hoo
778 3241 851 3307 loeo,
872 3241 994 3309 quoniam
1016 3255 1049 3294 ne
1066 3240 1094 3293 in
1111 3241 1177 3309 ipsis
1195 3241 1300 3309 quidem

71 3366 73 3369 -
144 3327 280 3380 annalibus
298 3325 352 3378 nisi
361 3340 449 3378 rerum
461 3339 577 3378 summus
589 3328 722 3393 persecuti
733 3343 833 3393 sumus,
851 3343 897 3381 eos
910 3328 1050 3396 scriptores
1062 3343 1222 3382 memorasse
1234 3328 1300 3381 satis

144 3413 305 3478 habebimus,
328 3427 362 3465 ex
380 3425 489 3478 quorum
507 3415 636 3480 perpetua
652 3413 765 3467 leetione
783 3416 879 3468 veteris
897 3414 1023 3469 historiae
1041 3415 1117 3483 quasi
1134 3429 1229 3482 eorpus
1247 3413 1301 3466 ool·

144 3500 248 3569 ligatur,
266 3500 415 3553 omittemus
434 3501 462 3551 et
477 3497 639 3567 perditorum
657 3501 815 3555 mentionem
834 3505 976 3566 eteorum,
995 3501 1117 3569 aquibus
1129 3500 1300 3570 singularium

145 3586 305 3655 quarundam
322 3600 409 3638 rerum
427 3585 474 3639 lux
491 3585 578 3653 aliqua
595 3588 706 3654 petatur.

214 3673 339 3727 Omnium
356 3671 511 3740 populorum
533 3672 672 3727 historiam
694 3674 727 3728 ab
745 3675 846 3728 ineerto
868 3689 955 3728 rerum
974 3675 1106 3742 gestarum
1123 3672 1198 3726 initio
1217 3686 1301 3741 usque

146 3759 179 3813 ad
196 3758 226 3813 O.
245 3759 341 3812 Iulium
353 3757 493 3813 Gaesarem
511 3760 619 3829 scripsit
635 3761 763 3814 Βίοὼηω
776 3760 902 3826 Graecus,
921 3760 969 3815 sed
986 3759 1075 3828 magni
1093 3759 1180 3828 operis
1197 3762 1301 3828 praeter

147 3847 260 3914 quinque
278 3845 359 3898 libros
377 3844 488 3913 priores,
505 3846 534 3898 in
551 3846 646 3914 quibus
665 3846 697 3900 de
714 3846 835 3901 fabulosa
851 3847 961 3900 historia
978 3849 1038 3899 ante
1049 3844 1147 3899 bellom
1160 3846 1301 3900 Troianum

148 3932 266 4001 copiose,
293 3931 336 3984 vel
354 3933 383 3983 ut
400 3930 446 3983 alii
463 3930 550 3986 diuers
568 3932 670 3996 malint,
688 3932 834 4001 loquaciter
851 3932 993 3998 fabulatur,
1013 3935 1040 3985 et
1057 3935 1202 3986 ceterorum
1219 3933 1301 3986 multa

36 4052 43 4063 ·
147 4021 277 4086 excerpta,
295 4033 327 4071 ea
343 4020 444 4072 tantum
461 4032 523 4086 pers
540 4019 645 4088 integra
661 4022 783 4088 superest
801 4019 860 4083 (lib.
875 4018 1009 4084 11-20>,
1027 4019 1056 4072 in
1074 4034 1126 4087 qua
1142 4033 1185 4072 res
1197 4019 1226 4072 in
1238 4019 1300 4073 orbe

146 4107 271 4158 terrarum
290 4106 380 4173 gestas
399 4120 415 4156 a
432 4104 531 4159 Xerxis
549 4106 577 4159 in
596 4104 734 4160 Graeoiam
752 4106 1021 4175 expeditionemque
1040 4105 1073 4158 ad
1084 4103 1244 4173 Antigonum
1263 4105 1300 4158 vi·

147 4194 225 4256 otum,
242 4186 260 4244 i.
274 4206 296 4244 e.
315 4190 348 4244 ab
366 4205 434 4244 anno
453 4207 476 4245 a.
490 4191 551 4247 Chr.
569 4190 623 4246 480
636 4207 693 4261 usq.
713 4193 746 4246 ad
764 4209 787 4246 a
806 4193 857 4247 301
883 4194 922 4246 ita
939 4192 1087 4260 desoripsit,
1109 4195 1140 4246 ut
1156 4174 1301 4260 non'sepa·

146 4278 221 4332 ratim
239 4277 401 4347 singulorum
417 4278 572 4347 populorum
590 4278 714 4334 historias
732 4282 873 4345 enarraret,
892 4279 939 4333 sed
951 4278 1077 4347 quidquid
1088 4278 1117 4340 in
1128 4277 1201 4342 Asia,
1220 4277 1300 4332 Grae-

148 4366 196 4430 eia,
214 4363 314 4428 sieilia,
332 4363 410 4419 ltalia
427 4365 518 4420 eodem
535 4370 654 4434 tempore
672 4369 815 4434 gereretur,
834 4365 913 4420 simul
923 4365 953 4419 in
964 4368 1137 4433 conspertum
1146 4363 1229 4416 daret:
1249 4377 1302 4431 que

150 4450 251 4505 ratione
269 4465 329 4504 eum
351 4466 381 4504 se
405 4451 502 4520 optime
524 4451 558 4506 de
575 4452 687 4507 historia
706 4451 850 4505 universali
865 4451 960 4505 mereri
976 4450 1093 4518 putaretl,
1115 4449 1245 4502 siveram
1263 4448 1301 4502 di-

148 4551 209 4591 oere
225 4536 355 4603 volumus,
378 4536 443 4591 nibil
465 4536 537 4592 aliud
554 4540 596 4592 est
613 4540 761 4602 assecutus,
778 4552 856 4604 quam
872 4540 903 4590 ut
920 4535 1064 4591 naturalem
1080 4549 1168 4588 rerum
1184 4532 1302 4588 ordinem
