3062 5064
280 358 313 414 16
376 411 378 416 ,
701 353 833 417 Imperium
852 351 1008 404 Orreeorum.

315 603 393 636 cessar
411 588 519 646 Eteoeli,
542 588 618 637 armis
634 592 734 648 potare,
759 589 846 648 populi
863 587 1027 648 Phlegyerum
1045 591 1142 646 auctor,
1166 589 1209 648 qul
1228 603 1283 636 cum

313 661 407 707 meinos
425 661 519 706 iniuriis
537 664 677 717 vexassent,
697 659 728 706 ab
744 658 862 718 Apolline
880 659 983 707 extincti
1001 662 1064 707 sunt.

278 730 386 792 Chryses·
401 736 425 777 et
436 731 545 789 Neptuni
563 731 580 775 t.
602 730 702 791 Minyas,
723 732 765 788 qui
785 731 851 790 genti
870 745 958 777 nomen
975 731 1072 776 dedisse
1089 730 1222 789 urbemque
1238 729 1283 780 Or·

288 830 290 833 *
314 805 448 849 chomenon
467 801 605 847 condidisse
623 804 809 860 thesaurumque
828 804 944 848 struxisse
962 802 1045 849 iertnr.

267 873 337 920 Post
354 873 453 932 Minyae
472 874 571 930 eiusque
589 872 634 918 tilii
652 878 753 919 mortem
770 886 871 932 regnum
890 873 988 921 devenit
1006 873 1037 918 ad
1057 869 1195 932 Clymeuum,
1215 872 1284 919 Pres-

315 945 386 990 bonis
405 945 422 989 f.
441 943 534 1003 Phryxi
551 948 674 1002 nepotem.

279 1013 391 1075 Clymeni
410 1016 427 1060 f.
446 1014 564 1074 Erylum,
589 1015 629 1061 cni
647 1014 758 1060 Thebani
782 1014 901 1060 tributum
923 1013 1044 1072 pendunt,
1068 1013 1144 1060 donec
1162 1026 1205 1059 eos
1221 1012 1283 1060 Hera
1320 1036 1323 1041 ·

316 1086 389 1143 cules,
409 1086 535 1131 interfecto
553 1084 644 1145 Ergino
663 1090 808 1143 vastataque
828 1084 988 1141 Orchomeno,
1007 1083 1130 1130 liberavit.

278 1151 365 1216 Ergini
384 1157 428 1202 filii
450 1155 596 1214 Trophonius
614 1161 639 1202 et
656 1157 786 1216 Ayamedes
804 1157 922 1216 templum
933 1154 1056 1214 Apollinis
1068 1154 1182 1214 Delphici
1198 1155 1281 1213 lapide

315 1229 434 1286 quadrato
453 1229 591 1275 extruxisse
609 1229 747 1277 tradantur,
779 1250 781 1255 ¹

275 1292 449 1346 'Orchomeniis
465 1300 490 1344 in
508 1298 575 1344 bello
595 1299 699 1345 Troiano
718 1303 833 1358 praesunt
844 1296 994 1356 Ascalaphus
1012 1302 1037 1342 et
1049 1295 1175 1354 Ialmeruu,
1195 1296 1281 1343 Martis

313 1376 340 1417 et
356 1370 493 1432 Astyoches
510 1370 563 1427 tilii,
583 1384 645 1430 quae
663 1371 743 1429 neptis
760 1369 828 1427 Azei,
848 1370 928 1416 fratris
945 1368 1040 1428 Ergini,
1059 1368 1114 1414 luit.
1194 1403 1196 1407 .
1281 1410 1284 1413 ,
1372 1376 1375 1380 ·

279 1511 478 1578 Arymourarum
497 1509 553 1575 (54)
571 1511 703 1578 navigatio
721 1511 749 1562 in
767 1510 878 1562 Pontum
901 1523 984 1576 usque
1004 1508 1038 1560 ad
1052 1507 1149 1559 Phasin
1165 1506 1283 1572 flurium,

314 1582 419 1634 velleris
439 1583 511 1633 aurei
529 1598 617 1646 causa,
636 1583 675 1634 uti
693 1580 979 1649 poetae‘tradiderunt,
1004 1582 1126 1646 suscepta
1144 1594 1160 1629 a
1177 1579 1280 1645 Minyis,

313 1652 407 1705 Iasone
426 1652 491 1704 duce
1208 1649 1278 1701 Erat.
1315 1645 1413 1710 (1225)

279 1722 357 1786 (inter
375 1739 416 1772 eos
435 1723 517 1770 Calais
535 1729 560 1770 et
577 1724 654 1782 Zetes,
674 1723 766 1771 Boreae
785 1729 810 1770 et
826 1721 953 1783 Orithyiae
970 1721 1023 1779 filii,
1042 1719 1129 1768 Castor
1147 1726 1172 1768 et
1183 1721 1281 1780 Pollux,

315 1796 401 1845 Peleus
419 1802 444 1842 et
461 1796 586 1852 Telamon,
605 1795 731 1853 Admetus,
757 1795 875 1854 Lynceus,
895 1793 1025 1853 Meleager,
1050 1792 1169 1851 Orpheus,
1189 1791 1281 1852 Oileus,

314 1867 440 1926 Hercules.
478 1865 526 1912 Sed
549 1865 592 1912 alii
615 1867 745 1926 scriptores
768 1867 896 1913 nominant
913 1864 986 1922 alios,
1011 1864 1068 1910 dum
1087 1876 1182 1910 omnem
1200 1866 1283 1911 flerem

316 1937 423 1984 Graecae
445 1938 579 1984 iuuentutis
602 1950 747 1997 congregare
771 1935 865 1983 volunt.
906 1935 985 1995 Argus
1006 1932 1065 1996 (qui
1083 1934 1170 1982 Phrixi
1193 1936 1227 1982 til.
1251 1936 1287 1981 ab

314 2008 465 2067 Apollodoro
489 2005 593 2069 dieitur)
616 2022 706 2055 navem
729 2008 884 2066 aedificarat,
911 2007 1003 2066 Tiphys
1027 2020 1041 2052 a
1063 2006 1161 2064 Lynceo
1184 2007 1283 2054 adiutus

315 2075 488 2140 gubernabat.)
1158 2086 1161 2092 '

280 2221 407 2284 Hercules,
430 2233 560 2287 pronepos
579 2218 677 2281 Persei,
701 2232 782 2286 regno
805 2217 873 2269 auito
897 2216 1022 2284 privatus,
1045 2216 1156 2284 primurn
1175 2217 1281 2282 Thebis,
1319 2224 1414 2287 (1260)

314 2292 360 2344 ubi
378 2294 454 2343 natus
471 2289 530 2353 fuit,
549 2289 642 2341 deinde
660 2289 787 2356 Mycenis,
806 2288 866 2340 dam
883 2287 1030 2355 Eurystheo
1048 2290 1130 2355 parat,
1148 2291 1175 2340 et
1195 2288 1227 2341 12
1245 2288 1282 2340 la·
1319 2295 1415 2358 (1040)

315 2362 438 2415 bores'ab
451 2361 496 2413 illo
508 2360 643 2418 mandatos
662 2361 806 2427 exequitur,
825 2364 880 2411 tum
893 2358 991 2413 Phenei
1002 2359 1030 2410 in
1043 2358 1162 2423 Arcadia,
1181 2362 1282 2426 postre-

315 2449 386 2485 mum
404 2432 532 2484 Trachine
551 2431 640 2485 sedem
666 2431 825 2483 fortunarum
848 2430 934 2493 habet,
960 2428 1096 2482 Graeciam
1112 2429 1181 2482 fama
1196 2445 1283 2483 rernm

316 2507 448 2573 gestarum
466 2502 565 2570 implet,
583 2503 856 2568 immortalitatemque
874 2501 1004 2552 aerumnis
1022 2503 1151 2555 meretnrr
1318 2505 1415 2569 (1008)
1487 2542 1490 2550 ,

484 2626 587 2675 Ausonii
605 2629 757 2675 monosticha
776 2629 805 2674 de
823 2627 945 2674 aerumnis
962 2616 1093 2673 Herculis,

430 2734 512 2779 Prima
532 2732 641 2780 Cleonaei
658 2734 761 2781 tolerata
779 2748 894 2780 aerumna
913 2732 994 2778 leonis.

430 2803 545 2851 Proxima
564 2805 695 2866 Lernaeam
713 2807 775 2863 terra
794 2810 819 2851 et
836 2806 890 2851 face
908 2804 1020 2850 contudit
1037 2798 1145 2863 hydram.

429 2875 489 2922 Mox
507 2875 693 2935 Erymantheum
711 2877 748 2923 vis
765 2876 839 2922 tertia
856 2875 961 2935 perculit
979 2886 1072 2933 aprum.

429 2945 556 3005 Aeripedis
574 2952 661 3005 quarto
680 2947 738 2994 tulit
755 2938 830 2993 aurea
848 2960 938 2993 cornua
957 2947 1026 2990 cerei.

429 3016 608 3077 Stymphalidas
625 3019 721 3077 pepulit
738 3017 846 3064 uolucres
866 3017 1003 3064 discrimine
1021 3016 1113 3074 quinto.

429 3088 566 3133 Threiciam
584 3095 653 3135 sexto
673 3089 790 3149 spoliavit
808 3091 927 3134 Amaaoua
945 3084 1035 3133 balteo.

430 3156 540 3217 Septima
558 3159 582 3215 in
601 3161 687 3219 Auyeis
706 3158 808 3205 stabulis
825 3160 935 3219 impensa
952 3157 1053 3204 laboris.

431 3227 525 3274 Octava
544 3229 647 3291 expulso
666 3235 807 3276 numeratur
825 3230 914 3275 adorea
934 3235 1011 3274 tauro.
1030 3225 1170 3290 (Cretensi.)

391 3347 394 3351 ἵ
431 3297 460 3344 In
477 3299 610 3345 Diomedeis
627 3301 730 3347 victoria
747 3314 813 3346 nona
831 3300 961 3360 quadriyis.

431 3368 537 3429 Geryone
555 3372 663 3416 extincto
683 3372 802 3416 decimam
821 3372 864 3416 dat
881 3370 961 3416 Iberia
979 3369 1093 3428 palmam.

336 3492 339 3497 ,
430 3439 564 3486 Undecimo
582 3440 648 3486 mala
666 3440 820 3498 Hesperidum
839 3442 952 3488 destricta
970 3442 1101 3499 triumpho.

431 3507 544 3556 Cerberus
562 3513 666 3558 extremi
683 3525 796 3573 suprema
814 3517 851 3558 est
868 3517 934 3559 meta
951 3511 1053 3559 laboris.

279 3630 381 3682 Bellum
406 3636 504 3698 septem
529 3633 674 3702 principum
699 3633 854 3702 Argivorum
878 3650 924 3702 pro
947 3635 1074 3701 Polynice,
1099 3632 1192 3699 Oedipi
1214 3631 1231 3683 f.
1255 3635 1282 3684 et

316 3700 420 3754 Adrasti
439 3716 542 3770 genero,
563 3708 653 3755 contm
671 3705 803 3758 Eteoclem
822 3709 848 3757 et
860 3706 997 3757 Thebanos
1016 3703 1155 3756 infeliciter
1173 3706 1275 3771 gestum
1313 3702 1417 3768 (1210)

280 3770 400 3835 (Pereunt
418 3789 501 3821 omnes
518 3777 771 3834 praeterstdrastum:
797 3776 897 3839 Tydeus,
918 3777 980 3824 alter
997 3776 1094 3825 Adrasti
1112 3789 1197 3835 gener,
1220 3775 1281 3834 Hip·

311 3845 436 3904 pomedoa,
456 3845 556 3892 Adrasti
568 3850 655 3894 sororis
674 3854 699 3895 et
709 3850 903 3908 Parthenopaeus
921 3850 1003 3895 fratris
1015 3850 1087 3907 iilius,
1109 3844 1238 3904 Capaneus,
1257 3851 1282 3893 et

314 3914 473 3972 Amphiaraus
491 3924 560 3964 vates
577 3919 608 3964 ab
627 3933 704 3966 uxore
722 3920 847 3981 Eriphyle,
867 3934 948 3967 sorore
966 3919 1072 3978 Adrasti,
1093 3915 1224 3980 proditus.)

280 4052 430 4106 Reparatur
447 4054 543 4106 bellum
562 4058 593 4109 ab
613 4059 758 4111 occisorum
776 4058 837 4113 filiis
853 4059 952 4112 adultis
973 4059 1040 4122 (sair
1058 4051 1215 4128 satyriasis),
1234 4054 1280 4108 du·

316 4124 441 4191 cibusque
460 4127 604 4179 Alcmaeone
616 4128 783 4197 (Amphiarai
800 4131 817 4182 t.
837 4131 982 4191 matricida)
1002 4133 1028 4182 et
1049 4130 1201 4180 Thersaudro
1221 4127 1280 4189 (Ρο-

282 4241 288 4245 .
315 4192 411 4262 lyricis
430 4196 461 4256 t.)
487 4197 592 4250 Thebae
611 4201 759 4268 capiuntur,
782 4216 843 4270 pars
863 4201 1033 4254 Cadmeorun
1057 4200 1120 4253 urbe
1143 4199 1236 4251 relicta
1252 4197 1281 4249 in
1384 4233 1387 4239 -

316 4265 478 4319 Thessaliam
497 4270 591 4335 migrat
1317 4261 1417 4331 (1000)

279 4342 388 4408 (Reliqui
406 4345 538 4407 Aspiciam,
558 4348 658 4396 Adrasti
676 4348 747 4406 filius,
767 4348 892 4396 Diomedes
911 4347 996 4409 Tydei,
1021 4343 1145 4392 Sthenelus
1164 4341 1298 4403 Capanei,x

314 4417 460 4466 Promachus
478 4419 662 4482 Parthenopaei,
682 4418 856 4479 Amphilochus,
877 4421 954 4467 trater
970 4414 1145 4482 Alcmaeonis.)
