3062 5064
579 449 697 498 historias
714 450 809 498 veteris
1217 460 1275 503 ΠΙ

112 632 248 683 auctorem
272 642 354 679 11111
375 626 491 680 omnium
513 625 631 681 11111111
655 627 877 681 studiosissimum
900 630 927 681 et
949 643 1012 681 1111
1035 627 1149 697 sanquis
1167 627 1221 681 illis
1240 629 1275 683 si-

112 715 251 769 milhrnum
271 714 579 781 superesse-Ammianus
598 715 781 768 ismaelitarum.
821 715 848 767 is
867 714 956 769 Taciti
971 714 1095 769 historiss'
1112 715 1275 770 continuavit

113 807 140 856 11
159 819 175 854 1
191 801 296 854 Nervae
320 800 468 868 priucipetn
493 815 577 869 usque
596 802 630 854 ad
641 802 761 855 Valentis
779 803 914 856 interitum
936 818 1023 855 rerum
1042 805 1175 870 gestarum
1193 804 1274 857 libros

113 889 145 943 31
173 888 293 956 scripsit,
323 902 354 941 ea
378 886 483 954 quidem
507 890 608 942 1111111
625 889 711 957 (quod
734 891 841 943 nimium
865 905 944 958 saepe
967 889 1031 947 mihi
1053 889 1192 944 dicendum
1215 905 1274 944 esse

113 973 216 1039 rideo),
235 976 266 1026 ut
283 988 336 1041 quc
352 974 507 1041 prouerbret
523 977 629 1044 longius
646 979 771 1045 tempore,
796 992 827 1029 ao
846 980 963 1041 11111111
980 978 1137 1041 morandus,
1155 993 1275 1046 praeser-

113 1062 160 1114 tim
179 1076 247 1128 quae
266 1061 338 1127 ipse,
355 1060 431 1115 miles
450 1062 499 1116 sub
517 1062 632 1128 Iuliano,
651 1063 768 1119 vidisset.
804 1064 889 1117 liuius
908 1065 989 1133 igitur
1008 1065 1145 1134 scriptoris
1162 1081 1222 1118 eum
1242 1066 1275 1120 13

113 1148 183 1203 libri
193 1147 298 1215 priores
316 1148 451 1215 11111111,
473 1154 615 1218 supersunt
635 1150 669 1204 18
686 1152 858 1219 posteriores,
880 1154 984 1221 1111111
1006 1168 1040 1205 ea
1051 1148 1124 1222 'quaa
1140 1153 1274 1221 professus

114 1239 183 1300 erat,
206 1235 294 1288 111111
314 1235 468 1288 eruditionis
486 1237 565 1304 pleni.
608 1236 660 1290 Sed
684 1238 717 1290 ad
741 1241 900 1306 postremam
916 1239 994 1293 huius
1011 1241 1114 1309 periodi
1130 1243 1231 1308 partam
1249 1243 1276 1293 et

116 1325 251 1377 Theodosii
267 1323 405 1391 imperium
428 1323 513 1375 minor
537 1327 578 1377 est
595 1324 747 1378 Latinorum
770 1327 926 1393 scriptorum
944 1328 1032 1395 copia:
1056 1329 1107 1381 huc
1125 1328 1275 1381 referendae

116 1415 178 1466 sunt
189 1411 333 1480 Spumoso·
352 1410 486 1478 epistolae,
505 1410 632 1479 imprimis
650 1411 695 1464 lib.
710 1413 752 1477 10,
771 1427 879 1481 quarum
896 1413 1034 1482 pleresque
1052 1414 1200 1482 praefectus
1217 1414 1276 1467 urbi

114 1500 147 1552 de
166 1498 246 1553 rebus
265 1497 371 1550 urbanis
391 1496 424 1549 ad
443 1497 625 1565 imperatorem
642 1499 721 1565 misit,
740 1502 871 1564 Ambrosii,
891 1500 971 1567 episc.
983 1500 1194 1565 Mediolanensis,
1212 1501 1276 1554 item

115 1585 244 1654 epistolae
263 1587 291 1637 et
309 1583 392 1637 orati0
417 1583 449 1636 de
469 1585 540 1637 obitu
553 1584 742 1650 Valentiniani,
766 1587 856 1639 Latini
873 1587 965 1638 Pacori
981 1588 1157 1656 panegyricus
1180 1605 1203 1640 a·
1223 1587 1273 1642 391

117 1673 214 1736 dictus,
231 1671 328 1724 multae
346 1673 481 1740 praeterea
497 1671 571 1739 leges
589 1673 617 1725 in
633 1672 800 1725 theodosiano
819 1674 909 1737 codiee,
926 1673 1059 1741 praeclare
1077 1690 1093 1725 a
1110 1674 1276 1728 1111111111-

116 1759 192 1812 fredo
211 1759 363 1827 explicatae.

190 1846 315 1898 Venimus
334 1845 368 1897 ad
385 1847 494 1897 eitimam
513 1849 539 1899 et
556 1846 763 1899 infelicissimam
782 1856 884 1898 11111111
906 1846 1008 1915 imperii
1025 1845 1138 1899 Romani
1155 1846 1276 1900 occiden-

114 1934 186 1987 talis.
228 1932 293 1984 Nam
314 1948 373 1984 cum
392 1932 542 1986 Theodosio
560 1936 662 1986 mortuo
687 1933 738 1986 duo
756 1932 804 1986 filii
822 1933 897 2001 pueri
918 1949 1005 1988 rernm
1029 1934 1144 1987 omnium
1162 1934 1276 2003 imperiti

85 2026 92 2043 ¹
115 2025 142 2074 et
160 2019 294 2073 imbecillo
313 2019 420 2088 ingenio
438 2019 551 2088 praediti
575 2021 780 2084 successissent,
805 2023 832 2073 et
854 2019 948 2074 divisio
966 2020 1068 2089 imperii
1091 2024 1182 2103 coptra
1199 2036 1276 2088 quam

115 2109 159 2161 ille
177 2107 294 2159 futurum
313 2108 470 2174 speraverat,
494 2108 667 2161 aemulatione
686 2108 831 2160 aulicorum
848 2105 917 2160 iacta
936 2110 1007 2160 esset
1024 2111 1158 2176 perpetua,
1182 2112 1277 2162 cuncta

115 2195 192 2259 mala,
211 2208 279 2261 quee
298 2191 360 2245 olim
378 2192 515 2261 prudentia
528 2197 555 2247 et
566 2194 718 2247 fortitudine
730 2195 915 2262 imperatorum
927 2197 1059 2262 utcunque
1072 2193 1181 2263 depulsa
1194 2197 1276 2258 erant,

116 2281 204 2334 subito
224 2281 413 2348 proruperunt:
433 2280 537 2333 barbari
556 2284 582 2334 et
594 2281 731 2345 foederati,
750 2280 794 2348 qui
808 2280 904 2333 dudum
917 2283 1013 2348 quanto
1026 2281 1174 2348 superiores
1187 2284 1278 2334 essent

114 2367 243 2420 Romanis
262 2365 454 2430 intellexerant,
473 2370 500 2419 et
517 2367 579 2420 nori
596 2367 694 2431 hostes,
720 2367 831 2436 praedas
850 2370 877 2419 et
894 2381 972 2434 agros
991 2370 1154 2433 quaerentes,
1172 2367 1200 2419 iu
1217 2381 1276 2435 prc-

114 2455 218 2508 vincias
238 2452 423 2538 occidentales,
448 2468 512 2520 quas
532 2455 708 2522 opulentiores
732 2470 791 2508 esse
810 2454 937 2522 putabant
955 2468 1031 2522 quam
1050 2453 1196 2519 Thraciam,
1220 2468 1277 2507 sae·

114 2543 176 2610 pius
196 2543 275 2593 antea
293 2540 484 2609 depopulatam,
503 2532 663 2606 invaserunt,
682 2543 709 2594 et
727 2541 839 2610 singulis
857 2541 885 2593 in
902 2543 1060 2609 potestatem
1079 2540 1201 2617 redactis,
1219 2543 1276 2592 tan-

116 2628 177 2681 dem
201 2628 281 2680 etiarn
306 2627 421 2690 ltaliam,
449 2628 565 2681 extincto
594 2629 698 2681 numius
720 2627 901 2695 imperatorio,
917 2628 981 2699 ¹sibi
1009 2643 1099 2696 parere
1127 2629 1276 2695 coegerunt.

116 2714 247 2768 Auctores
266 2716 357 2767 harum
374 2729 461 2767 rerum
480 2715 558 2783 pauci
577 2717 638 2767 sunt
655 2711 731 2781 (qnae
750 2713 810 2780 ipsa
828 2713 903 2766 nobis
922 2729 1002 2768 causa
1019 2714 1076 2779 fuit,
1095 2728 1141 2766 cur
1152 2713 1220 2766 hanc
1232 2728 1277 2781 pe·

116 2801 221 2855 riodum
239 2801 435 2853 accuratissime
453 2799 633 2869 explicandam
653 2798 887 2865 existimaremus),
911 2816 970 2853 uam
990 2815 1023 2852 ex
1042 2801 1178 2853 universae
1195 2799 1277 2852 histe-

116 2889 173 2940 riae
192 2887 324 2939 Romanae
344 2886 528 2955 scriptoribus,
552 2901 611 2938 cnm
629 2885 770 2956 Eutropius
790 2890 817 2941 et
829 2887 950 2940 Victores
969 2887 997 2938 in
1016 2887 1150 2954 superiore
1168 2884 1277 2953 periodo

117 2974 258 3038 desierint,
282 2989 315 3026 ne
335 2973 461 3026 Zonaram
481 2971 586 3041 quidem
603 2973 645 3025 hic
670 2973 702 3025 ad
720 2977 807 3041 partes
825 2987 919 3025 111111
937 2987 1094 3040 possumus,
1119 2971 1214 3038 quippe
1233 2970 1279 3037 qui

117 3063 181 3129 post
198 3060 347 3112 institutam
366 3059 522 3112 diuisionem
541 3058 626 3111 solum
644 3059 705 3126 imp.
725 3060 858 3113 orientalis
877 3059 1012 3112 historiam
1030 3060 1208 3128 persequatur,
1230 3076 1279 3114 nec

122 3149 210 3200 011111
229 3146 296 3199 duce
315 3146 425 3214 amplius
445 3161 522 3214 quam
540 3161 624 3216 usque
643 3145 676 3199 ad
694 3162 788 3199 annum
807 3146 859 3200 418
878 3146 981 3199 utimur.
1009 3145 1065 3198 lam
1082 3159 1144 3198 1111
1157 3145 1279 3212 Zosimus,

119 3235 164 3302 qui
182 3233 232 3286 hoc
251 3232 303 3285 sibi
321 3235 503 3301 argumentum
520 3233 677 3287 intereuntis
696 3233 798 3301 imperii
816 3234 948 3303 peculiare
968 3236 1123 3301 sumpserat,
1141 3232 1169 3285 iu
1181 3233 1280 3285 Alarici

118 3319 332 3388 expeditionibus
345 3317 444 3371 Italicis
464 3320 591 3384 constitit,
611 3320 682 3372 circa
700 3335 795 3372 annum
813 3320 867 3374 410
884 3318 954 3389 (lege
973 3320 1029 3372 eius
1048 3319 1143 3372 librum
1161 3320 1279 3387 qulntum

119 3412 146 3460 et
165 3407 234 3460 sexti
251 3403 451 3474 fragmentum),
470 3406 607 3471 incertum,
625 3409 711 3458 utrum
731 3406 789 3474 ipse
800 3407 969 3475 propositum
987 3405 1113 3476 perficere
1126 3405 1279 3473 nequiverit,

77 3509 80 3515 ⁴
119 3510 152 3546 an
171 3493 297 3560 temporis
316 3495 433 3545 vetustas
453 3495 541 3545 cetera
559 3492 692 3546 deleverit.
729 3492 820 3560 Itaque
839 3493 977 3545 mammem
996 3497 1023 3546 et
1040 3492 1158 3545 ultimam
1174 3507 1281 3560 ¹opema

121 3582 294 3633 Obronieorum
313 3579 483 3647 scriptoribus
502 3580 624 3648 petimus,
642 3594 751 3648 querum
769 3594 848 3647 supra
865 3594 926 3647 pag.
936 3578 1001 3632 VIII
1018 3579 1158 3648 diligenter
1169 3577 1280 3630 fecimus

118 3667 287 3719 mentionem.
328 3665 421 3734 Neque
444 3669 532 3720 tamen
555 3665 651 3719 desunt
672 3666 771 3734 aliquot
789 3666 944 3735 scriptores,
968 3681 1077 3734 quorum
1095 3664 1192 3718 auxilio
1211 3664 1281 3717 nuda

118 3754 196 3823 quasi
213 3753 319 3806 illorum
338 3767 399 3806 1111
416 3754 524 3806 vestias.
566 3752 695 3820 Imprimis
718 3752 770 3805 huc
795 3754 928 3821 pertinent
944 3753 1080 3804 Iomaades
1099 3750 1213 3816 Gothus,
1236 3751 1282 3819 qui

119 3856 184 3894 suae
202 3839 289 3909 gentis
307 3839 406 3892 1111111
424 3839 556 3892 fortunam
574 3855 589 3891 1
606 3839 689 3907 primo
707 3840 783 3893 initio
803 3856 886 3909 usque
905 3839 938 3892 ad
955 3854 1043 3908 regem
1056 3837 1173 3907 Vitigem
1191 3842 1218 3891 11
1236 3853 1280 3891 ex·

47 3976 50 3980 1
119 3929 232 3981 tinctum
250 3942 361 3995 regnum
380 3926 525 3980 Gothorum
543 3926 630 3990 brevi,
654 3926 701 3978 sed
718 3927 778 3980 utili
796 3928 885 3981 libello
906 3925 1041 3994 exposuit,
1066 3925 1109 3978 cui
1127 3925 1221 3978 similis
1241 3927 1283 3978 est

122 4015 261 4081 Greqorius
280 4014 454 4079 Turonensis,
480 4013 580 4067 saeculi
598 4014 667 4067 sexti
685 4014 809 4082 scriptor,
826 4013 950 4067 historiae
968 4012 1127 4064 Francorum
1146 4010 1281 4066 fabulosus

119 4104 220 4154 auctor.
264 4100 424 4153 Graecorum
443 4098 490 4168 (put
507 4101 591 4152 Rosci
608 4099 780 4168 fragmentum
805 4100 986 4170 delegatione
1008 4098 1042 4151 ad
1059 4096 1168 4152 hunam
1187 4113 1210 4151 a.
1228 4097 1282 4152 488

120 4188 254 4252 omittam,
283 4187 354 4255 quod
381 4188 449 4240 inter
476 4190 600 4256 excerpta
627 4188 787 4256 legationum
814 4186 924 4257 legitur)
947 4188 1093 4254 Procopius,
1129 4201 1188 4238 cum
1216 4184 1283 4238 illud

119 4276 218 4329 bellum
246 4274 395 4328 describere
424 4275 619 4336 constituisset,
646 4289 697 4341 quo
724 4274 884 4327 lastinianus
912 4274 1052 4342 Imperator
1078 4272 1184 4326 saeculo
1206 4273 1281 4324 sexto

121 4360 237 4416 Africam
248 4362 372 4415 Belisarii
391 4361 487 4414 virtute
505 4361 677 4430 recuperarit,
695 4362 863 4414 barbarorum
880 4375 1036 4429 progressus
1055 4359 1133 4411 altius
1151 4357 1281 4425 repetivit,

122 4454 149 4502 et
167 4451 232 4503 bello
251 4468 302 4501 cam
314 4449 436 4501 Vandalis
454 4464 501 4516 per
518 4448 586 4501 hanc
604 4462 707 4516 quoque
725 4445 861 4514 periodum
874 4462 889 4497 a
901 4446 1026 4499 Romanis
1039 4447 1114 4513 gesta
1125 4445 1281 4511 persecutus

124 4538 172 4588 est.
204 4535 323 4603 Denique
340 4540 468 4601 potiorem
483 4554 542 4603 par,
562 4549 613 4602 quo
632 4534 771 4602 pereuntes
789 4532 892 4587 litterae
905 4531 1037 4583 Romanae
1053 4529 1198 4582 illustratae
1212 4531 1282 4589 sunt,
