3012 5062
356 475 388 521 ab
407 488 472 521 anuo
490 488 513 520 a
527 473 584 523 Ohr.
604 474 656 521 21⁰
673 486 750 545 uem
768 477 800 523 sd
818 490 908 524 annum
928 477 987 525 204.
1218 478 1252 532 87

330 704 472 756 mazaram
490 703 597 756 fluvium
610 703 761 757 caeduntur.
789 703 928 768 Hannibal,
947 705 1036 758 dolore
1048 708 1172 774 percitus,
1191 722 1253 760 con·

332 775 424 827 trecha
449 775 533 842 copiis
555 775 583 826 in
601 774 719 827 Bruttios
740 773 817 827 redit.
858 776 924 829 Item
946 777 975 828 iu
992 777 1119 845 Hispania
1137 778 1252 830 Hasdru·

330 846 398 898 balis
419 844 494 914 Gisg.
512 845 531 897 f.
550 859 611 913 spes
634 845 827 917 recuperandae
850 848 1000 914 prouinciae
1021 848 1048 899 in
1066 849 1168 901 irritum
1184 849 1253 901 redi·

330 918 439 985 guntur:
463 931 523 968 nam
547 917 634 968 metus
656 916 689 968 ad
708 916 818 984 Silpiam
834 918 969 986 ingentem
993 919 1137 971 exercitum
1159 919 1252 988 perdit,

329 991 357 1040 et
386 987 507 1039 ultimum
530 987 724 1054 receptaculum
747 986 834 1040 Gades
862 991 980 1056 repetere
1007 990 1119 1058 cogitur.
1161 990 1253 1043 Hieme

286 1092 289 1097 »
330 1058 422 1126 Scipio
440 1072 500 1110 cum
518 1058 548 1110 Ο.
561 1058 652 1110 Laelio
670 1059 699 1109 in
710 1057 825 1113 ahicam
843 1060 949 1122 hahuit,
967 1062 997 1111 ut
1009 1059 1146 1127 Syphacem
1164 1077 1252 1130 regem

329 1129 537 1196 Masaesylorum
560 1128 593 1180 ad
618 1128 692 1180 Rom
716 1130 808 1182 societ.
831 1127 997 1192 traducat.⁸)
1038 1131 1069 1183 ln
1088 1129 1200 1184 Graecia
1224 1133 1252 1184 P.

330 1199 462 1267 Sulpicius
480 1214 584 1268 procos.
597 1213 656 1251 cum
668 1199 757 1253 Attalo
769 1215 831 1269 rege
844 1200 961 1268 Aeginae
974 1201 1101 1265 hibernat,
1119 1202 1253 1255 Euboeam

332 1285 363 1323 ca
380 1271 409 1322 it.

362 1286 543 1393 1Sillostiliua
563 1338 628 1392 cato
651 1355 690 1408 pr.
710 1340 765 1392 urb.
790 1344 817 1392 et
834 1354 936 1409 peregr.
960 1357 991 1394 ac
1015 1357 1094 1410 saepe
1117 1343 1253 1411 perhanc

330 1414 441 1463 aetutem
460 1415 569 1479 utraque
588 1410 735 1463 iurisdictio
754 1411 894 1463 coniuncta
912 1415 960 1464 est
993 1412 1106 1465 Comitia
1124 1413 1202 1466 habet
1219 1414 1253 1465 M.
1309 1418 1315 1421 ’

330 1481 422 1534 Liuius
440 1481 511 1546 dict,
531 1482 576 1550 qui
593 1481 664 1533 idem
682 1496 737 1534 cos.
757 1484 820 1545 erat,
841 1481 870 1543 Q.
885 1481 1000 1535 Caecilio
1012 1484 1116 1536 Metello
1131 1500 1199 1552 mag.
1213 1499 1253 1552 eq.

105 1553 161 1607 206
211 1552 264 1606 548
302 1551 363 1605 (los.
381 1554 415 1604 L.
431 1553 546 1604 Veturius
563 1553 646 1615 Plio,
668 1551 699 1610 Q.
716 1552 838 1604 Caeciliae
854 1553 995 1615 Metellus.)
1027 1554 1124 1606 Contra
1140 1554 1253 1608 Hannib.

330 1639 346 1676 a
364 1638 418 1677 cos.
437 1624 502 1676 nihil
519 1623 687 1676 memorabile
700 1624 807 1691 geritur,
826 1623 874 1675 sed
886 1623 986 1677 Lucani
1002 1625 1030 1676 in
1048 1625 1179 1678 dicionem
1190 1640 1253 1694 pop.

330 1694 405 1747 Hem.
425 1695 542 1747 redeunt.

366 1765 397 1817 ln
414 1765 543 1834 Hispania
558 1765 653 1830 Scipio,
677 1779 737 1815 cum
755 1763 914 1816 debellatum
931 1764 982 1815 iam
1019 1765 1088 1816 riore
1107 1780 1174 1817 anno
1193 1780 1253 1818 cum

331 1834 452 1904 Garthag.
472 1839 552 1900 esset,
575 1835 751 1903 Hispanorum
769 1833 846 1885 urbes
865 1834 979 1886 munitas
999 1778 1175 1899 gaetulonem,
1199 1835 1253 1888 Illi·

164 1944 167 1951 .
331 1908 428 1975 turgia,
447 1907 573 1975 Astapam
591 1908 735 1974 expugnat,
751 1904 884 1960 Indibilim
901 1920 990 1973 regem
1007 1905 1171 1958 deiicientem
1189 1906 1252 1974 (quo

237 1996 241 2001 ’
328 1978 421 2031 eodem
439 1981 518 2046 temp.
538 1978 618 2029 etiam
635 1976 747 2028 militum
760 1975 834 2028 Rom.
855 1975 948 2027 seditio
961 1974 1103 2040 excitatur>
1121 1975 1252 2046 profligat,

331 2064 390 2101 oum
407 2050 548 2101 Masinissa
564 2047 678 2099 Numida
697 2046 764 2099 clam
781 2046 874 2098 foedus
893 2046 964 2110 facit,
983 2046 1017 2099 ad
1034 2047 1155 2099 ultimum
1174 2049 1253 2100 etiam

332 2119 423 2183 Gades,
442 2119 552 2187 Magone
569 2118 686 2187 proiecto
705 2120 732 2169 et
750 2118 866 2181 excluso,
884 2117 912 2168 in
931 2118 1022 2170 saciet.
1041 2119 1145 2187 accipit.
1184 2118 1253 2171 Tum

329 2190 433 2242 haram
451 2192 529 2242 uictor
546 2201 613 2241 sacto
632 2207 695 2240 auno
713 2190 784 2240 redit.

102 2264 162 2318 205
182 2289 183 2292 ¹
212 2260 267 2315 549
305 2259 365 2313 Gos.
385 2261 415 2312 P.
438 2262 564 2312 &melias
581 2260 668 2325 Scipio
687 2258 840 2322 (Africam),
867 2258 898 2309 P.
918 2257 1032 2310 Licinius
1052 2258 1156 2311 Crassus
1173 2260 1253 2311 Diues

329 2336 402 2400 pont.
419 2331 512 2396 man).
548 2331 580 2383 In
597 2330 720 2394 Bruttiis,
744 2344 822 2397 quam
844 2343 916 2396 prov.
940 2329 969 2380 P.
989 2329 1106 2381 Licinius
1133 2345 1187 2383 cos.
1212 2345 1254 2382 ac·

215 2428 217 2435 >
331 2403 409 2471 cepit,
429 2403 493 2455 nihil
511 2401 679 2454 memorabile
698 2405 809 2469 gestum.
844 2400 1004 2467 Scipionem,
1024 2401 1067 2451 cui
1085 2400 1178 2453 Sicilia
1195 2416 1254 2468 pro-

330 2475 421 2526 vincia<
443 2473 504 2526 data
535 2473 743 2540 permissumque
768 2475 838 2535 erat,
865 2474 895 2522 ut
921 2471 949 2522 iu
971 2469 1086 2525 Africam
1113 2472 1254 2535 traficeret,

331 2544 402 2597 7000
419 2544 547 2596 voluntar.
566 2543 641 2595 milit.
662 2545 818 2610 sequuntur,
843 2540 891 2593 sed
908 2540 958 2593 hoc
976 2544 1032 2593 boto
1051 2556 1119 2593 anno
1137 2542 1165 2593 in
1185 2542 1254 2595 bello

331 2614 504 2683 comparando
527 2616 659 2679 versatur,
689 2614 742 2665 nisi
764 2612 835 2680 quod
856 2612 955 2664 Locros
979 2610 1040 2663 data
1063 2612 1202 2665 occasione
1226 2613 1254 2664 in

331 2688 426 2754 potest.
444 2685 519 2737 Rom.
538 2684 642 2752 redigit.
678 2684 772 2750 Mapo,
790 2683 903 2735 Hannib.
921 2682 1010 2749 stater,
1029 2681 1147 2735 Genuam
1167 2683 1252 2736 classe

331 2757 440 2809 traiecta
459 2758 571 2823 occupat
593 2758 619 2807 et
638 2754 736 2808 bellum
754 2754 792 2806 ibi
809 2757 958 2822 praeparat,
984 2753 1027 2805 cui
1048 2757 1102 2805 tres
1121 2755 1252 2806 exercitus

332 2827 406 2880 Rom.
426 2830 600 2894 opponuntur.
642 2825 673 2877 ln
690 2825 823 2892 Hispania
844 2823 965 2875 Indibilis
989 2826 1016 2875 ct
1037 2823 1190 2877 Mandonius
1213 2840 1253 2876 re·

300 2931 303 2936 -
331 2898 443 2961 bellant,
471 2896 518 2949 sed
540 2897 681 2949 uincuntur
705 2912 721 2947 a
742 2908 845 2963 procos.
865 2893 1036 2947 L.<Oomelio
1054 2893 1180 2958 Lentulo,
1208 2896 1253 2963 qui

331 2968 400 3021 idem
418 2968 476 3020 aed.
494 2984 548 3021 cur.
567 2971 631 3031 erat,
650 2970 676 3019 et
693 2966 723 3019 L.
741 2966 837 3017 Manlio
855 2963 975 3016 Acidino.
1255 2971 1258 2976 '

366 3039 398 3091 In
417 3038 536 3102 Graecia,
554 3050 614 3090 cum
632 3037 719 3090 Aetoli
736 3037 826 3088 inuitis
845 3035 970 3087 Romanis
987 3034 1040 3086 iam
1059 3050 1118 3087 cum
1132 3034 1252 3103 Philippo

331 3124 423 3177 pacem
441 3110 575 3172 iecissent,
594 3109 623 3162 P.
635 3108 804 3176 Sempronius
818 3105 964 3159 Tuditanus
977 3109 1004 3157 et
1015 3105 1073 3172 ipsc
1085 3120 1177 3173 pacem
1189 3106 1253 3159 iacit

331 3180 422 3249 aequis
443 3180 649 3234 condicionibus.
789 3188 792 3192 ⁴

367 3252 466 3304 Romae
483 3250 610 3319 templum
622 3250 734 3303 Virtutis
752 3251 779 3300 et
790 3247 903 3301 Honoris
922 3245 1065 3310 dedicatur,
1084 3250 1144 3299 ante
1163 3247 1195 3299 17
1208 3262 1253 3299 an-

331 3336 382 3375 nos
400 3339 416 3374 a
433 3322 555 3375 Marcello
574 3324 672 3385 votum,
690 3319 788 3388 praeda
805 3319 971 3388 Syracusana
989 3321 1150 3370 exornatum.
1186 3317 1254 3371 Item

329 3393 465 3447 advehitur
480 3393 639 3445 Pessinunte
656 3395 739 3443 mater
756 3390 843 3453 Idaea,
866 3405 882 3441 a
900 3389 929 3442 P.
948 3388 1072 3457 Scipione
1091 3385 1139 3441 On.
1159 3389 1186 3454 i,
1204 3390 1252 3457 qui

332 3464 360 3515 in
377 3460 460 3532 Hisp.x
472 3462 576 3527 cecidit,
595 3462 700 3526 Nasica,
720 3462 818 3530 optimo
836 3461 892 3513 uiro
911 3463 1029 3528 excepta.

369 3534 482 3588 Comitia
499 3534 578 3587 habet
596 3533 626 3597 Q.
646 3533 776 3586 Caecllius
795 3531 916 3585 Metellus
934 3531 1005 3595 dict,
1024 3529 1054 3582 L.
1066 3528 1175 3583 Veturio
1192 3529 1253 3583 Phi-

3 3656 4 3659 ,
332 3605 392 3658 lone
408 3620 479 3665 ma.
532 3645 538 3656 .
576 3647 578 3653 .
612 3616 616 3623 ‘
685 3610 687 3613 '
827 3640 829 3643 ψ

3 3682 5 3687 ’
105 3675 160 3728 204
193 3671 268 3727 ⁴550
304 3673 364 3728 Cos.
383 3677 422 3728 Μ.-
438 3619 564 3728 ewice
579 3674 705 3741 Getaeque,
728 3673 758 3725 P.
772 3672 930 3739 Sempronius
944 3668 1104 3733 statuuat.)
1134 3671 1254 3724 lnBrut-

332 3747 376 3799 tiis
389 3747 491 3815 Sempr.
505 3761 559 3800 cos.
579 3747 606 3797 et
617 3745 646 3798 Ρ.
657 3745 774 3797 Licinius
792 3757 895 3812 procos.
914 3741 995 3794 dubio
1005 3741 1086 3793 Marte
1099 3757 1158 3794 cum
1167 3741 1252 3795 Heun.

332 3821 459 3887 pugnant
499 3818 540 3869 Ex
566 3817 658 3869 Sicilia
674 3816 775 3881 Scipio,
802 3815 845 3867 cui
862 3814 895 3865 M.
915 3812 981 3865 (lato
1005 3815 1204 3880 quaestorem,
1227 3814 1254 3864 ia

331 3889 446 3956 Africam
465 3891 566 3951 traiicia
585 3888 745 3941 Masinissam
763 3901 779 3937 a
797 3885 931 3953 Syphace,
953 3899 1037 3951 nuper
1054 3884 1082 3935 in
1100 3884 1253 3937 societatem

335 3958 421 4012 Carth.
440 3962 566 4023 retracto,
589 3958 693 4027 pulsum
712 3957 823 4025 excipit,
847 3954 950 4008 Uticam
969 3957 1115 4022 oppugnat,
1138 3955 1185 4007 sed
1204 3954 1253 4022 Sy·

333 4031 424 4099 phacls
444 4034 470 4083 et
481 4028 652 4083 Hasdrubalis
671 4028 784 4080 aduentu
802 4028 829 4079 in
847 4029 936 4079 eastra
953 4025 1062 4078 hiberna
1079 4040 1108 4078 se
1127 4024 1234 4079 confert.
1282 4032 1286 4035 ’

369 4100 500 4154 (lensores
511 4102 549 4153 M.
560 4101 656 4164 Livius,
678 4100 705 4152 (l.
715 4098 784 4151 Naro
801 4098 898 4150 mutuis
917 4097 1061 4150 inimicitiis
1073 4097 1253 4165 magistratum

367 4176 440 4224 runt:
465 4186 545 4225 censa
567 4187 626 4225 cum
647 4171 681 4223 iis
705 4171 749 4239 qul
772 4170 800 4222 in
818 4168 978 4223 exercitibus
995 4166 1130 4220 merebant
1147 4165 1253 4219 214000
1363 4230 1365 4234 ἱ

333 4184 484 4308 διψῶ).
514 4242 571 4296 Lex
593 4243 679 4294 tiocia
697 4258 712 4293 a
730 4242 763 4293 M
777 4240 869 4293 (lincio
881 4239 1014 4293 Alim0nto
1032 4240 1064 4290 tr.
1083 4237 1119 4305 pl.
1133 4237 1165 4290 de
1178 4236 1252 4290 donis

333 4328 364 4366 ac
382 4313 640 4367 muneribus-fertur.
1300 4338 1303 4341 ·

198 4404 296 4411 ...a-...a-

162 4460 192 4520 *)
222 4457 298 4506 Gesta
320 4424 450 4515 boclanda
474 4462 530 4505 suut
548 4469 610 4515 quae
628 4455 684 4507 Liv.
701 4455 745 4503 lib.
766 4436 798 4502 28
823 4467 838 4500 a
860 4465 913 4512 cap.
936 4450 1145 4507 lamentisque
1167 4449 1200 4496 ad
1221 4450 1251 4495 19

88 4532 175 4590 tradit,
197 4528 326 4590 sequentia
344 4538 422 4587 usque
440 4529 472 4575 ad
490 4542 512 4573 c.
531 4529 564 4575 38
584 4541 647 4573 anno
665 4525 725 4572 belli
744 4526 816 4572 tertio
835 4523 938 4570 decimo.
