3062 5064
1305 485 1327 526 V

164 666 236 708 rum
261 643 408 707 locorum
430 641 573 708 iudicare
596 643 752 708 solerent:
775 642 834 708 sed
856 640 999 711 habebat
1020 645 1076 710 illa
1090 669 1142 712 res
1157 646 1242 712 hanc
1257 671 1325 712 mo-

162 746 304 830 lestiam,
330 744 419 831 quod
442 755 475 811 et
495 769 633 834 magnus
655 770 807 813 numerus
830 757 998 814 auctorum
1021 751 1054 814 in
1076 749 1172 815 rebus
1194 751 1325 816 tritissi-

164 852 225 916 mis
248 849 452 932 excitandus,
475 859 508 916 et
529 851 673 937 plerique
696 853 870 937 scriptores
885 875 988 939 usque
1003 852 1156 920 adfinem
1170 854 1324 920 laudandi

165 954 313 1038 fuissent.
347 955 464 1040 Itaque
479 977 548 1019 rem
562 954 610 1019 sic
625 954 761 1038 institui,
776 965 823 1039 ut,
842 956 950 1024 indice
965 958 1121 1046 singulari
1136 959 1322 1044 praemisso,

164 1059 218 1142 qui
240 1080 350 1123 rerum
371 1068 519 1124 auctores
535 1057 578 1123 ad
595 1057 750 1142 cuiusque
766 1060 873 1146 gentis
887 1061 1055 1128 historiam
1070 1070 1127 1127 aut
1140 1063 1323 1128 universam

164 1171 219 1228 aut
247 1172 340 1227 certa
366 1161 501 1248 periodo
530 1160 789 1248 cognoscendam
811 1162 987 1230 adhibendi
1009 1173 1134 1248 essent,
1163 1165 1324 1249 docerem,

164 1267 244 1332 alios
268 1267 463 1352 scriptorum
485 1267 574 1330 locos
595 1265 629 1329 in
651 1266 724 1351 ipso
746 1267 830 1333 libro
852 1290 918 1333 non
932 1268 1097 1334 laudarem
1112 1270 1175 1335 nisi
1189 1292 1323 1356 paucos,

164 1380 196 1436 et
218 1393 274 1436 eos
297 1394 338 1436 ex
359 1369 477 1456 quibus
499 1378 556 1433 aut
576 1377 647 1434 tota
668 1372 810 1437 narratio
825 1370 991 1458 penderet,
1015 1382 1072 1438 aut
1087 1376 1143 1458 qui
1158 1374 1255 1460 paulo
1271 1397 1322 1439 re-

162 1476 316 1541 motiores
340 1472 381 1539 ab
403 1497 466 1540 usu
488 1473 615 1561 vulgari
638 1484 756 1541 essent.

207 1667 328 1754 Script.
349 1668 494 1735 Berolini
516 1692 544 1733 a.
569 1667 601 1733 d.
626 1693 644 1732 v
666 1669 747 1736 Idus
769 1669 839 1737 Ian.
858 1672 954 1752 1819,

251 1795 382 1860 recogn.
406 1797 438 1836 rr
460 1772 511 1839 Id.
533 1772 630 1839 Febr.
658 1773 753 1841 1838.

988 1912 1020 1979 0.
1044 1910 1079 1978 Τ.
1101 1910 1278 2000 Zumptius.

250 2305 291 2372 In
318 2328 402 2370 nora
432 2303 529 2368 buius
564 2302 639 2368 libri
671 2302 812 2369 editione
843 2302 986 2369 curanda
1014 2303 1093 2389 quid
1122 2304 1322 2390 sequendum

160 2419 265 2492 esset,
291 2431 356 2473 non
385 2405 518 2471 difficile
546 2415 614 2471 erat
636 2415 789 2471 statuere.
840 2407 984 2472 Primum
1014 2409 1099 2472 enim
1122 2407 1322 2474 emendanda

161 2523 232 2580 erat
254 2536 361 2578 rerum
385 2511 545 2576 enarratio
567 2520 813 2597 temporumque
836 2512 975 2576 notatio:
1000 2534 1063 2595 quo
1085 2512 1119 2576 in
1141 2535 1259 2600 genere
1273 2513 1321 2578 vi·

159 2641 270 2684 rorum
293 2615 464 2680 doctorum
486 2613 596 2680 studia
610 2636 684 2679 cum
698 2616 872 2700 plurimum
887 2615 1090 2701 prodessent,
1111 2617 1196 2683 hanc
1212 2625 1319 2682 tamen

161 2723 343 2788 cautionem
367 2716 562 2799 afferebant,
591 2741 631 2783 ne
655 2717 810 2802 quicquid
832 2742 952 2786 novum
972 2720 1108 2807 proferri
1127 2719 1320 2802 videremus,

161 2825 196 2891 id
219 2825 372 2890 continuo
394 2832 559 2907 tamquam
583 2831 707 2887 certum
722 2822 1030 2889 commendaremus.
1064 2821 1149 2889 Sunt
1163 2824 1248 2888 enim
1263 2846 1320 2887 an·

161 2931 272 3015 tiquae
295 2927 447 2992 historiae
470 2934 578 3012 partes
602 2926 733 3007 multae,
756 2947 839 3009 quae
863 2948 936 2992 cum
952 2934 1008 2990 aut
1022 2927 1120 2992 nullis
1136 2935 1192 2992 aut
1205 2949 1319 3011 parum

162 3034 259 3100 certis
281 3031 460 3097 litterarum
481 3029 697 3095 monumentis
719 3028 866 3115 proditae
894 3030 977 3111 sint,
1004 3039 1176 3112 antequam
1197 3029 1239 3095 ad
1262 3031 1319 3095 ali·

161 3161 259 3223 quam
289 3136 396 3200 lucem
429 3134 657 3216 traducantur,
691 3128 900 3218 plurimarum
932 3135 1189 3199 coniecturarum
1221 3142 1318 3219 atque

160 3242 348 3327 opinionum
383 3241 523 3304 incertas
558 3238 651 3322 quasi
684 3236 834 3302 tenebras
866 3260 1038 3325 peragrare
1072 3246 1228 3324 oporteat.
1277 3237 1319 3303 In

161 3343 279 3430 quibus
307 3345 335 3409 si
365 3344 420 3428 qui
449 3364 509 3407 nos
532 3341 584 3406 vel
611 3365 664 3423 ea,
692 3364 774 3427 quae
802 3342 879 3406 olim
906 3341 1133 3425 tradebantur,
1161 3342 1245 3406 tueri
1266 3341 1318 3405 vel

162 3471 216 3531 ea,
253 3470 335 3531 quae
364 3468 450 3511 nunc
480 3445 626 3531 quamvis
661 3468 778 3532 magna
807 3467 880 3510 cum
910 3446 1146 3512 asseveratione
1174 3446 1318 3512 veritatis

160 3560 394 3639 proponuntur,
415 3573 481 3615 non
504 3550 650 3635 accipere
673 3548 814 3631 rideant,
837 3550 931 3615 aliam
952 3550 1047 3615 huius
1069 3546 1143 3613 libri
1162 3549 1319 3615 rationem

161 3677 233 3720 esse
256 3657 411 3743 cogitent,
434 3655 531 3720 aliam
555 3676 677 3735 eorum,
699 3654 755 3737 qui
777 3653 970 3719 inveniendo
992 3663 1088 3738 atque
1104 3652 1319 3740 excogitando

159 3759 318 3845 proficere
347 3757 457 3823 velint.
508 3756 659 3822 Alterum
689 3767 775 3839 erat,
805 3765 843 3822 ut
869 3758 929 3822 hos
957 3756 1088 3822 annales
1117 3779 1317 3845 augeremus.

160 3862 217 3928 Fit
239 3863 340 3944 enim,
368 3883 432 3945 quo
463 3860 601 3926 alacrius
629 3860 710 3926 haec
739 3860 846 3926 studia
874 3869 1066 3948 urgeantur,
1095 3869 1132 3925 ut
1155 3883 1193 3925 eo
1214 3862 1319 3947 plura,

162 3988 245 4052 quae
269 3975 360 4030 extra
387 3963 622 4029 dubitationem
645 3965 726 4047 sint,
755 3966 789 4030 in
818 3987 1019 4030 communem
1042 3964 1185 4028 omnium
1208 3965 1319 4051 cogni·

160 4071 283 4136 tionem
304 4069 472 4154 pervenire
494 4066 643 4134 debeant.
672 4069 898 4154 Imprimisque
920 4069 954 4132 in
975 4068 1105 4153 proprio
1128 4067 1243 4131 horum
1262 4090 1318 4131 an·

160 4174 282 4239 nalium
306 4172 442 4237 consilio
463 4172 647 4238 faciendum
671 4182 749 4255 erat,
772 4181 809 4236 ut
830 4180 1022 4257 temporum,
1044 4168 1161 4255 quibus
1176 4168 1318 4255 quidque

76 4306 79 4313 ·
161 4284 291 4365 gestum
314 4284 411 4358 esset,
434 4285 617 4342 accuratam
633 4277 829 4342 notationem
844 4284 1075 4360 expeteremus.
1110 4271 1221 4356 Quare
1235 4273 1318 4338 mul·

160 4388 212 4447 tos
236 4401 338 4445 annos
362 4378 563 4462 addidimus,
591 4381 711 4446 multos
734 4381 830 4445 etiam
854 4379 934 4459 dies,
957 4379 1075 4463 quique
1097 4376 1228 4442 annales
1250 4375 1318 4443 Ro·

161 4506 274 4549 manos
297 4482 538 4566 examinabunt,
566 4483 714 4569 plurima,
742 4504 824 4567 quae
847 4481 889 4547 ad
910 4482 1167 4568 magistratuum,
1188 4480 1318 4564 provin·
