3012 5062
661 457 771 507 mules
786 458 890 507 Romani

198 644 210 671 Ι
259 644 277 672 ῐ.
325 645 345 673 u.
366 655 373 672 r

435 687 550 740 dimicat.
581 686 707 740 Coloniae
724 688 822 740 civium
840 687 914 740 Rom.
934 687 1098 741 deducuntur
1115 691 1240 755 Puteolos,
1260 690 1371 744 Vultur-

435 777 498 823 num,
517 760 652 822 Liternum,
670 759 799 810 &urnam
816 761 844 811 iu
863 757 1014 827 Oampauie,
1032 760 1173 812 Baranam
1191 763 1219 814 in
1233 762 1370 827 Lucania,

434 830 562 896 Sipontum
580 830 608 881 in
627 829 734 897 Apulia,
762 830 886 895 Tempsam
907 830 1078 895 Crotonemque
1098 833 1125 883 in
1144 831 1270 897 Bruttiis3
1300 834 1369 886 Lat.

313 936 318 943 ι
382 932 385 937 -
436 900 554 952 coloniae
572 900 746 953 decernuntur
757 901 869 952 Viteaen
877 901 1013 953 Vulcatium
1030 902 1059 953 in
1070 901 1189 965 Bruttiis,
1212 904 1320 956 Thurios
1337 906 1371 957 in

437 971 560 1023 Lucania.
597 971 672 1024 Alter
690 986 744 1024 cos.
757 971 848 1040 Scipio
861 971 963 1023 Italiam
981 972 1067 1034 hahet,
1086 974 1228 1042 triumphat
1245 975 1280 1027 li.
1293 974 1370 1028 Cato

435 1058 469 1094 ex
485 1042 561 1095 His.

219 1111 270 1164 193
318 1112 368 1166 561
408 1111 521 1181 Ces5L.
536 1058 669 1164 {maius
686 1112 795 1176 Merula,
820 1112 854 1172 Q.
873 1113 999 1165 M'anacius
1020 1113 1138 1165 ihomas
1155 1114 1212 1166 adv.
1231 1115 1315 1168 Boios
1338 1120 1371 1167 et

437 1183 549 1252 Ligures
562 1184 659 1236 bellum
672 1188 775 1251 gerunt,
794 1184 826 1236 ad
838 1184 996 1236 Antiochum
1009 1184 1106 1237 frustra
1118 1186 1198 1254 legati
1210 1187 1370 1238 mittuntur.

435 1254 530 1307 Lustra
548 1253 654 1307 condite
672 1271 688 1306 a
706 1269 778 1307 cous.
797 1255 859 1308 Sex.
878 1254 954 1308 Aelio
966 1255 1056 1319 Paeto,
1072 1255 1104 1308 (1.
1121 1255 1223 1309 Oornel.
1239 1255 1371 1323 Cethego

437 1336 517 1378 cenea
534 1326 584 1378 cir.
597 1326 685 1393 eapite
699 1325 816 1389 1437043
834 1326 957 1394 princeps
970 1330 1077 1379 senatus
1089 1327 1118 1378 P.
1130 1327 1219 1395 Scipio
1231 1326 1315 1379 Afric.
1328 1328 1371 1381 ii.

162 1420 164 1423 ·
220 1393 272 1446 192
319 1392 371 1447 562
409 1394 469 1448 Oea.
479 1396 513 1447 L.
529 1395 656 1455 Quinctius
667 1398 827 1460 Flmaininus,
849 1397 892 1449 ct.
905 1398 1031 1449 Domitiae
1041 1399 1217 1450 Ahenobarbus
1230 1397 1371 1467 Ligurum
1396 1428 1402 1448 l

438 1480 468 1519 ac
486 1466 609 1519 Boiorum
629 1482 706 1535 agros
725 1471 884 1536 pervastaut

471 1537 551 1591 Exitu
575 1539 636 1591 anui
658 1536 836 1590 Anurocrrus
856 1554 918 1603 rex,
943 1537 1095 1591 aihcaute
1113 1538 1264 1591 Aetolorum
1288 1541 1371 1608 prin-

379 1640 382 1645 ·
438 1608 495 1676 cipe
513 1609 645 1673 incitatus,
665 1612 689 1661 in
705 1610 835 1662 Graeciam
854 1611 955 1661 tumidi.
992 1609 1079 1662 Aetoli
1090 1609 1292 1674 Demetriadem,
1311 1627 1372 1663 rex

437 1677 587 1732 Chalcidem
604 1684 740 1748 occupant,
758 1680 873 1733 Achaeis
890 1681 919 1732 iu
929 1680 1048 1732 Romana
1064 1681 1189 1732 societate
1201 1696 1372 1749 permaneu-

436 1751 515 1803 tibus.
556 1750 588 1804 A.
607 1751 704 1805 Atilius
723 1752 852 1804 Senecae
874 1755 957 1820 praet.
980 1766 1040 1803 eum
1063 1750 1148 1804 classe
1169 1753 1198 1803 in
1219 1751 1372 1805 Graeciam

437 1822 556 1874 mittitur.
1135 1858 1141 1866 .

220 1888 269 1941 101
318 1887 371 1942 503
407 1889 739 1959 GoaRCereetiacScipie
748 1891 855 1957 Nasica,
867 1894 918 1944 Μ’.
928 1894 1027 1945 Acilius
1038 1891 1150 1956 Glabriu
1162 1892 1237 1945 homo
1250 1894 1370 1958 novus.)

438 1962 547 2016 Gonauli
570 1960 617 2016 Μ’.
636 1963 727 2016 Acilio'
745 1964 893 2017 advenienti
917 1964 1034 2031 iungitur
1052 1962 1201 2031 Phiiippus,
1223 1965 1370 2018 exercitus

438 2034 513 2086 Rom
535 2034 691 2087 Athamania
712 2035 740 2086 in
764 2038 921 2104 potestatem
944 2034 1051 2086 redacta
1071 2049 1119 2102 per
1137 2033 1301 2086 Thessaliam
1328 2036 1371 2088 ud

439 2107 533 2157 saltum
543 2105 775 2173 Thermopylarum
793 2107 887 2174 pergit,
905 2119 982 2173 quem
999 2120 1047 2157 rex
1064 2104 1204 2168 insederat,
1223 2105 1270 2157 sed
1283 2122 1371 2174 prae-

439 2176 514 2228 sidiis
538 2177 690 2229 Aetolorum
712 2191 760 2244 per
781 2177 815 2229 hi.
840 2176 965 2229 (tatonem
993 2176 1108 2245 legatum
1132 2174 1291 2229 Callidromo
1315 2177 1371 2229 de·

438 2246 529 2310 iectis,
556 2249 635 2300 etiam
657 2248 746 2316 regiae
776 2248 868 2316 copiae
890 2246 1062 2315 profligantur
1083 2250 1111 2299 et
1133 2245 1257 2298 delentur.
1301 2247 1371 2301 Rex

437 2317 1373 2457 institit-‘sititis‘sustinetsustinet&

438 2464 601 2529 expugnata,
628 2460 805 2528 Naupactum,
832 2459 952 2512 Aetoliae
973 2463 1064 2527 eaput,
1092 2458 1220 2512 obsident
1255 2460 1371 2514 Aetolis

439 2532 637 2584 obsecrantibus
649 2531 771 2584 induciae
784 2531 885 2594 dantur,
905 2531 999 2598 quihus
1012 2530 1122 2582 Romam
1134 2530 1235 2598 legatos
1244 2529 1281 2582 'de
1295 2547 1372 2598 pace

438 2603 550 2654 mittant.
591 2602 645 2654 Sed
662 2602 760 2654 intecta
776 2617 843 2670 pace
859 2604 1036 2665 musitantes,
1064 2601 1174 2653 lihermn
1193 2601 1224 2652 de
1243 2615 1272 2652 se
1293 2603 1372 2655 arbi·

438 2674 517 2725 trium
533 2674 638 2725 senatui
654 2674 806 2741 permittere
824 2673 951 2738 nolentes.

476 2744 506 2796 P.
526 2743 663 2796 Cornelius
686 2758 740 2796 cos.
758 2744 839 2796 Boios
862 2743 895 2795 ad
918 2742 1075 2795 deditionem
1098 2741 1181 2810 adigit
1203 2744 1230 2793 et
1251 2740 1375 2796 dimidia

441 2815 499 2883 agri
509 2817 583 2883 perte
596 2814 701 2867 multat:
720 2830 752 2866 ec
764 2815 847 2882 insen
861 2830 884 2865 a.
895 2814 1012 2865 Bononio
1024 2813 1075 2866 col.
1083 2812 1228 2865 deducitur.
1256 2811 1374 2866 Trium·

441 2886 508 2954 phus
526 2885 599 2953 Scip.
617 2900 681 2949 ecs,
704 2886 790 2937 crahc
809 2885 842 2937 hi.
861 2884 947 2937 Fulvii
968 2898 1055 2952 propr.
1072 2896 1108 2936 ex
1125 2883 1200 2952 Hisp.
1218 2883 1264 2935 ult
1309 2883 1374 2937 lto·

440 2972 498 3009 mae
515 2956 572 3009 ludi
587 2957 753 3025 Megalenses
768 2957 797 3008 in
815 2955 979 3008 dedicatione
997 2953 1069 3006 aedis
1086 2954 1196 3022 liuguae
1208 2953 1300 3005 Matris
1319 2971 1375 3008 ce·

442 3028 543 3092 lebrati,
561 3028 607 3096 qui
624 3028 702 3095 primi
719 3026 802 3079 tuisse
821 3027 921 3079 scenici
938 3024 1085 3089 traduntur,
1108 3025 1165 3077 Lir.
1183 3023 1227 3088 36,
1244 3023 1289 3076 36.

223 3101 276 3154 100
315 3099 375 3154 ’564
411 3098 472 3154 Cos.
492 3099 525 3150 L.
548 3099 674 3150 Cornelia
691 3098 776 3164 Scipio
796 3096 919 3160 (Amat),
940 3096 967 3148 O.
985 3095 1114 3157 Laeliae.)
1145 3096 1175 3148 L.
1194 3095 1285 3162 Scipio
1304 3110 1373 3150 cos.

443 3170 513 3232 (nam
525 3169 632 3222 Laelius
643 3184 699 3222 ces.
711 3169 814 3221 ltaliam
832 3166 980 3236 acceperat)
992 3166 1132 3219 comitante
1145 3166 1224 3218 fratre
1236 3165 1374 3221 Africano

442 3239 501 3292 adr.
513 3239 671 3293 Antiochum
688 3240 822 3306 proiectus
842 3239 942 3291 Aetolis
959 3236 1087 3291 iterumti
1100 3237 1227 3289 mensium
1239 3236 1374 3291 inducias

443 3311 495 3374 dat,
513 3310 574 3363 inde
592 3325 639 3377 per
650 3311 827 3362 Macedoniarn
840 3314 867 3361 et
879 3309 1017 3362 Threciam
1029 3307 1222 3376 Lysimachiam
1233 3309 1374 3374 pervenit,

442 3381 511 3437 unde
528 3381 687 3447 praesidium
705 3381 848 3433 deduxerat
859 3379 1013 3444 Antiochus,
1030 3381 1168 3447 postquam
1181 3378 1273 3430 cluens
1287 3381 1375 3446 regia

443 3451 476 3504 ad
492 3451 664 3518 Myonnesum
682 3468 698 3502 a
715 3452 745 3503 L.
765 3451 875 3504 Aemilio
892 3448 995 3519 Regillo
1013 3452 1139 3518 praeiret
1157 3449 1271 3501 Eumene
1291 3447 1374 3502 Rho·

443 3522 547 3589 diisque
563 3521 667 3574 devicte
684 3524 733 3574 est.
768 3522 879 3576 Romani
896 3522 923 3573 in
941 3520 1032 3573 Asiam
1048 3521 1190 3583 traiciunt,
1214 3521 1240 3570 et
1256 3519 1374 3586 regium

441 3594 586 3646 exercitum
603 3592 660 3645 iere
675 3592 765 3646 70000
776 3593 909 3645 hominum
926 3592 978 3659 ipsi
996 3590 1085 3645 30000
1103 3590 1136 3642 ad
1147 3591 1305 3657 Mapeesiam
1317 3590 1375 3644 de·

440 3666 557 3718 uncant.
587 3663 732 3717 Antiochus
751 3665 870 3731 protinus
888 3678 921 3715 ex
938 3662 1002 3732 iuga
1019 3662 1120 3729 legatos
1139 3661 1171 3713 de
1188 3675 1253 3729 pace
1269 3660 1374 3725 mittit,

441 3738 470 3788 et
486 3735 605 3788 induciae
623 3734 752 3804 impetrat
790 3734 881 3788 Victor
898 3734 1039 3796 mercius,
1058 3731 1153 3784 deditm
1171 3731 1249 3784 Asiae
1267 3731 1374 3783 cirita·

433 3807 521 3871 ‘tihua
532 3807 683 3875 Magnesiae
694 3806 821 3858 hibernat
846 3803 1005 3873 Triumphus
1016 3799 1057 3856 Μ’.
1070 3803 1158 3867 Acilii,
1170 3801 1281 3854 dmecho
1294 3801 1373 3857 solie

343 3904 347 3909 ·
441 3894 465 3931 a
484 3878 546 3931 dV
563 3878 602 3930 ld.
621 3877 709 3942 Quint

153 3955 156 3961 ’
226 3947 276 4003 189
323 3948 376 4003 565
412 3948 473 4003 Ges.
491 3949 530 4000 Μ.
548 3949 651 4001 Fulvius
668 3948 792 4009 Nobilior,
814 3947 983 3998 Cu.·Menlius
997 3942 1096 4006 Valeo.)
1133 3943 1210 3996 Victo
1228 3940 1373 3998 Antiocho

441 4020 567 4073 tributum
585 4018 674 4073 15000
684 4020 810 4072 talentum
822 4018 972 4086 imponitur,
991 4020 1018 4069 et
1029 4015 1093 4068 Asia
1109 4015 1148 4067 eis
1161 4014 1273 4066 Taurum
1287 4018 1373 4068 men-

372 4132 377 4138 .
442 4093 497 4143 tem
514 4090 644 4154 adimitur,
664 4091 740 4143 cuius
757 4089 840 4141 maior
857 4102 918 4156 pars
930 4088 1049 4151 Eumeni,
1069 4086 1152 4154 Lycia
1164 4087 1190 4137 et
1202 4086 1278 4138 Caria
1292 4084 1374 4138 Rho-

443 4162 494 4215 diis
513 4160 596 4224 datur,
614 4160 822 4213 urbestiruecae
840 4160 867 4211 in
885 4158 1032 4211 libertatem
1049 4158 1222 4210 mutantur
1237 4155 1306 4218 (Lis.
1317 4154 1372 4222 37,

443 4231 480 4287 55
491 4229 571 4298 seu).
609 4231 656 4283 Gn
674 4231 786 4284 Manlius
810 4243 949 4283 successor
965 4228 996 4282 L.
1016 4228 1135 4298 Scipioni
1152 4226 1248 4281 missus
1267 4225 1373 4281 Gallo-

444 4302 604 4356 Graeccrum
621 4304 675 4354 tres
694 4306 786 4372 gentes
804 4301 873 4354 hello
890 4300 1064 4370 persequitur,
1086 4299 1133 4352 sed
1152 4299 1253 4367 culpam
1272 4298 1372 4366 negle-

444 4377 503 4427 ctae
521 4373 674 4440 disciplinae
693 4373 813 4426 militaris
828 4371 889 4424 tert.
924 4370 1030 4423 Interea
1047 4371 1080 4422 hi.
1099 4366 1217 4434 Ilulvius,
1239 4371 1267 4421 iu
1285 4369 1369 4425 cuius

444 4444 569 4511 comitatu
587 4448 643 4497 erat
661 4443 691 4515 Q.
709 4444 810 4497 Eamus
825 4446 913 4515 ‘poeta
932 4442 1071 4494 Ambracia
1089 4443 1174 4513 capta,
1193 4440 1298 4494 undem
1310 4440 1369 4493 Ae-
