<?xml version="1.0" encoding="UTF-8"?>
<!DOCTYPE html PUBLIC "-//W3C//DTD XHTML 1.0 Transitional//EN"
    "http://www.w3.org/TR/xhtml1/DTD/xhtml1-transitional.dtd">
<html xmlns="http://www.w3.org/1999/xhtml" xml:lang="en" lang="en">
 <head>
  <title>
</title>
<meta http-equiv="Content-Type" content="text/html;charset=utf-8" />
  <meta name='ocr-system' content='tesseract 3.04.00' />
  <meta name='ocr-capabilities' content='ocr_page ocr_carea ocr_par ocr_line ocrx_word'/>
</head>
<body>
  <div class='ocr_page' id='page_1' title='image "annalesveterumr01zumpgoog_0047.png"; bbox 0 0 3062 5064; ppageno 0'>
   <div class='ocr_carea' id='block_1_1' title="bbox 255 433 982 495">
    <p class='ocr_par' dir='ltr' id='par_1_1' title="bbox 255 433 982 495">
     <span class='ocr_line' id='line_1_1' title="bbox 255 433 982 495; baseline 0.001 -13"><span class='ocrx_word' id='word_1_1' title='bbox 255 433 288 488; x_wconf 84' lang='lat'>18</span> <span class='ocrx_word' id='word_1_2' title='bbox 678 435 810 495; x_wconf 80' lang='lat' dir='ltr'>Imperium</span> <span class='ocrx_word' id='word_1_3' title='bbox 828 433 982 483; x_wconf 84' lang='lat' dir='ltr'>Graecorum.</span> 
     </span>
    </p>
   </div>
   <div class='ocr_carea' id='block_1_2' title="bbox 1287 596 1508 652">
    <p class='ocr_par' dir='ltr' id='par_1_2' title="bbox 1287 596 1508 665">
     <span class='ocr_line' id='line_1_2' title="bbox 1287 596 1508 652; baseline 0.009 -3"><span class='ocrx_word' id='word_1_4' title='bbox 1287 620 1307 649; x_wconf 78' lang='lat' dir='ltr'>a.</span> <span class='ocrx_word' id='word_1_5' title='bbox 1322 610 1374 652; x_wconf 89' lang='lat' dir='ltr'>Chr.</span> <span class='ocrx_word' id='word_1_6' title='bbox 1386 622 1409 651; x_wconf 90' lang='grc'>4.</span> <span class='ocrx_word' id='word_1_7' title='bbox 1507 596 1508 631; x_wconf 89' lang='lat' dir='ltr'>l</span> 
     </span>
    </p>
   </div>
   <div class='ocr_carea' id='block_1_3' title="bbox 251 658 1434 1647">
    <p class='ocr_par' dir='ltr' id='par_1_3' title="bbox 251 658 1434 1647">
     <span class='ocr_line' id='line_1_3' title="bbox 255 658 1258 731; baseline -0.001 -15"><span class='ocrx_word' id='word_1_8' title='bbox 255 663 370 717; x_wconf 75' lang='lat' dir='ltr'>Temeno</span> <span class='ocrx_word' id='word_1_9' title='bbox 391 663 479 717; x_wconf 91' lang='lat' dir='ltr'>occiso</span> <span class='ocrx_word' id='word_1_10' title='bbox 498 660 576 716; x_wconf 88' lang='lat' dir='ltr'>Cisns</span> <span class='ocrx_word' id='word_1_11' title='bbox 595 658 822 730; x_wconf 64' lang='grc'>(1144404144,</span> <span class='ocrx_word' id='word_1_12' title='bbox 841 662 951 715; x_wconf 76' lang='lat' dir='ltr'><strong>Phalces</strong></span> <span class='ocrx_word' id='word_1_13' title='bbox 970 660 1079 715; x_wconf 83' lang='lat' dir='ltr'>Temeni</span> <span class='ocrx_word' id='word_1_14' title='bbox 1096 661 1114 714; x_wconf 90' lang='lat' dir='ltr'>i.</span> <span class='ocrx_word' id='word_1_15' title='bbox 1134 662 1258 731; x_wconf 79' lang='lat' dir='ltr'>Sicyone,</span> 
     </span>
     <span class='ocr_line' id='line_1_4' title="bbox 286 732 1434 802; baseline 0.001 -15"><span class='ocrx_word' id='word_1_16' title='bbox 286 732 929 802; x_wconf 66' lang='grc' dir='ltr'>0414144144,Τ441,44441,041(144111444441</span> <span class='ocrx_word' id='word_1_17' title='bbox 1255 766 1258 771; x_wconf 61' lang='lat'>&gt;</span> <span class='ocrx_word' id='word_1_18' title='bbox 1291 734 1392 799; x_wconf 84' lang='grc'>(1074)</span> <span class='ocrx_word' id='word_1_19' title='bbox 1431 772 1434 777; x_wconf 53' lang='lat'>&lt;</span> 
     </span>
     <span class='ocr_line' id='line_1_5' title="bbox 254 802 1257 873; baseline -0.001 -15"><span class='ocrx_word' id='word_1_20' title='bbox 254 805 410 858; x_wconf 76' lang='lat' dir='ltr'>Tisamenus</span> <span class='ocrx_word' id='word_1_21' title='bbox 429 819 489 856; x_wconf 91' lang='lat' dir='ltr'>cnm</span> <span class='ocrx_word' id='word_1_22' title='bbox 507 803 620 856; x_wconf 77' lang='lat' dir='ltr'>Achaeis</span> <span class='ocrx_word' id='word_1_23' title='bbox 638 804 776 872; x_wconf 79' lang='lat' dir='ltr'>Aegialnm</span> <span class='ocrx_word' id='word_1_24' title='bbox 794 806 873 873; x_wconf 88' lang='lat' dir='ltr'>petit,</span> <span class='ocrx_word' id='word_1_25' title='bbox 896 808 989 873; x_wconf 88' lang='lat' dir='ltr'>postea</span> <span class='ocrx_word' id='word_1_26' title='bbox 1006 802 1130 855; x_wconf 87' lang='lat' dir='ltr'>Achaiam</span> <span class='ocrx_word' id='word_1_27' title='bbox 1153 803 1257 857; x_wconf 87' lang='lat' dir='ltr'>dictam.</span> 
     </span>
     <span class='ocr_line' id='line_1_6' title="bbox 252 872 1258 944; baseline -0.001 -16"><span class='ocrx_word' id='word_1_28' title='bbox 252 876 396 928; x_wconf 86' lang='lat' dir='ltr'>Duodecim</span> <span class='ocrx_word' id='word_1_29' title='bbox 420 875 498 927; x_wconf 90' lang='lat' dir='ltr'>urbes</span> <span class='ocrx_word' id='word_1_30' title='bbox 520 874 612 926; x_wconf 89' lang='lat' dir='ltr'>Ionum</span> <span class='ocrx_word' id='word_1_31' title='bbox 631 872 766 939; x_wconf 84' lang='lat' dir='ltr'>(Pellene,</span> <span class='ocrx_word' id='word_1_32' title='bbox 791 874 900 943; x_wconf 74' lang='lat' dir='ltr'>Aegira,</span> <span class='ocrx_word' id='word_1_33' title='bbox 925 874 1027 944; x_wconf 84' lang='lat' dir='ltr'>Aegae,</span> <span class='ocrx_word' id='word_1_34' title='bbox 1050 874 1133 938; x_wconf 89' lang='lat' dir='ltr'>Bura,</span> <span class='ocrx_word' id='word_1_35' title='bbox 1158 874 1258 940; x_wconf 84' lang='lat' dir='ltr'>Helice,</span> 
     </span>
     <span class='ocr_line' id='line_1_7' title="bbox 286 945 1258 1014; baseline -0.002 -15"><span class='ocrx_word' id='word_1_36' title='bbox 286 946 407 1014; x_wconf 79' lang='lat' dir='ltr'>Aegium,</span> <span class='ocrx_word' id='word_1_37' title='bbox 427 945 543 1013; x_wconf 85' lang='lat' dir='ltr'>Rhypes,</span> <span class='ocrx_word' id='word_1_38' title='bbox 561 945 662 1009; x_wconf 85' lang='lat' dir='ltr'>Patrae,</span> <span class='ocrx_word' id='word_1_39' title='bbox 681 946 790 1009; x_wconf 80' lang='lat' dir='ltr'>Pherae,</span> <span class='ocrx_word' id='word_1_40' title='bbox 815 946 921 1009; x_wconf 89' lang='lat' dir='ltr'>Olenus,</span> <span class='ocrx_word' id='word_1_41' title='bbox 944 946 1037 1014; x_wconf 89' lang='lat' dir='ltr'>Dyme,</span> <span class='ocrx_word' id='word_1_42' title='bbox 1057 945 1169 999; x_wconf 85' lang='lat' dir='ltr'>Tritaea.</span> <span class='ocrx_word' id='word_1_43' title='bbox 1207 945 1258 997; x_wconf 91' lang='lat' dir='ltr'>He·</span> 
     </span>
     <span class='ocr_line' id='line_1_8' title="bbox 287 1014 1258 1137; baseline -0.001 -69"><span class='ocrx_word' id='word_1_44' title='bbox 287 1016 342 1069; x_wconf 90' lang='lat' dir='ltr'>rod.</span> <span class='ocrx_word' id='word_1_45' title='bbox 361 1016 388 1137; x_wconf 45' lang='grc' dir='ltr'>ἑ,</span> <span class='ocrx_word' id='word_1_46' title='bbox 407 1015 475 1137; x_wconf 44' lang='grc' dir='ltr'>ε1545)</span> <span class='ocrx_word' id='word_1_47' title='bbox 500 1019 660 1084; x_wconf 87' lang='grc'>4444444141</span> <span class='ocrx_word' id='word_1_48' title='bbox 682 1017 715 1068; x_wconf 92' lang='lat' dir='ltr'>ab</span> <span class='ocrx_word' id='word_1_49' title='bbox 734 1018 790 1069; x_wconf 89' lang='lat' dir='ltr'>eius</span> <span class='ocrx_word' id='word_1_50' title='bbox 810 1020 835 1069; x_wconf 92' lang='grc'>41</span> <span class='ocrx_word' id='word_1_51' title='bbox 854 1016 968 1068; x_wconf 92' lang='lat' dir='ltr'>Penthili</span> <span class='ocrx_word' id='word_1_52' title='bbox 985 1016 1073 1068; x_wconf 74' lang='lat' dir='ltr'>irritis</span> <span class='ocrx_word' id='word_1_53' title='bbox 1092 1014 1163 1080; x_wconf 88' lang='lat' dir='ltr'>filiis,</span> <span class='ocrx_word' id='word_1_54' title='bbox 1191 1015 1258 1068; x_wconf 90' lang='lat' dir='ltr'>Pau-</span> 
     </span>
     <span class='ocr_line' id='line_1_9' title="bbox 287 1102 490 1151; baseline 0 0"><span class='ocrx_word' id='word_1_55' title='bbox 287 1102 342 1151; x_wconf 63' lang='lat' dir='ltr'>ml·</span> <span class='ocrx_word' id='word_1_56' title='bbox 380 1126 387 1151; x_wconf 79' lang='grc'>1</span> <span class='ocrx_word' id='word_1_57' title='bbox 426 1125 432 1136; x_wconf 92' lang='grc'><em>·</em></span> <span class='ocrx_word' id='word_1_58' title='bbox 485 1113 490 1121; x_wconf 93' lang='grc'><strong>’</strong></span> 
     </span>
     <span class='ocr_line' id='line_1_10' title="bbox 252 1155 1257 1223; baseline 0 -14"><span class='ocrx_word' id='word_1_59' title='bbox 252 1157 329 1209; x_wconf 88' lang='grc'>14444</span> <span class='ocrx_word' id='word_1_60' title='bbox 352 1157 381 1208; x_wconf 88' lang='grc'>14</span> <span class='ocrx_word' id='word_1_61' title='bbox 399 1155 514 1207; x_wconf 89' lang='lat' dir='ltr'>Atticam</span> <span class='ocrx_word' id='word_1_62' title='bbox 538 1169 566 1207; x_wconf 91' lang='lat' dir='ltr'>se</span> <span class='ocrx_word' id='word_1_63' title='bbox 589 1156 731 1223; x_wconf 87' lang='lat' dir='ltr'>rccipiunt,</span> <span class='ocrx_word' id='word_1_64' title='bbox 756 1156 881 1223; x_wconf 90' lang='lat' dir='ltr'>quoiam</span> <span class='ocrx_word' id='word_1_65' title='bbox 904 1171 938 1207; x_wconf 90' lang='lat' dir='ltr'>ex</span> <span class='ocrx_word' id='word_1_66' title='bbox 961 1155 1094 1209; x_wconf 80' lang='lat' dir='ltr'>Messenia</span> <span class='ocrx_word' id='word_1_67' title='bbox 1111 1155 1257 1209; x_wconf 80' lang='lat' dir='ltr'>Melanthus</span> 
     </span>
     <span class='ocr_line' id='line_1_11' title="bbox 287 1225 887 1279; baseline -0.002 0"><span class='ocrx_word' id='word_1_68' title='bbox 287 1243 346 1279; x_wconf 86' lang='lat' dir='ltr'>cunr</span> <span class='ocrx_word' id='word_1_69' title='bbox 364 1225 468 1278; x_wconf 88' lang='lat' dir='ltr'>Nelidis</span> <span class='ocrx_word' id='word_1_70' title='bbox 486 1228 592 1278; x_wconf 86' lang='lat' dir='ltr'>venerat</span> <span class='ocrx_word' id='word_1_71' title='bbox 610 1229 637 1277; x_wconf 89' lang='lat' dir='ltr'>et</span> <span class='ocrx_word' id='word_1_72' title='bbox 654 1241 702 1277; x_wconf 88' lang='lat' dir='ltr'>rex</span> <span class='ocrx_word' id='word_1_73' title='bbox 719 1225 804 1279; x_wconf 86' lang='lat' dir='ltr'>tactus</span> <span class='ocrx_word' id='word_1_74' title='bbox 824 1231 887 1279; x_wconf 90' lang='lat' dir='ltr'>erat.</span> 
     </span>
     <span class='ocr_line' id='line_1_12' title="bbox 251 1295 1256 1365; baseline -0.001 -15"><span class='ocrx_word' id='word_1_75' title='bbox 251 1298 334 1350; x_wconf 90' lang='lat' dir='ltr'>Dores</span> <span class='ocrx_word' id='word_1_76' title='bbox 353 1297 486 1365; x_wconf 92' lang='lat' dir='ltr'>Ephyram</span> <span class='ocrx_word' id='word_1_77' title='bbox 505 1297 561 1349; x_wconf 86' lang='lat' dir='ltr'>sive</span> <span class='ocrx_word' id='word_1_78' title='bbox 574 1295 728 1349; x_wconf 74' lang='lat' dir='ltr'>Corinthum</span> <span class='ocrx_word' id='word_1_79' title='bbox 746 1297 872 1361; x_wconf 89' lang='lat' dir='ltr'>obtinent,</span> <span class='ocrx_word' id='word_1_80' title='bbox 891 1297 984 1361; x_wconf 78' lang='lat' dir='ltr'>Aletes,</span> <span class='ocrx_word' id='word_1_81' title='bbox 1003 1311 1070 1348; x_wconf 91' lang='grc'>4444</span> <span class='ocrx_word' id='word_1_82' title='bbox 1089 1296 1256 1349; x_wconf 82' lang='grc' dir='ltr'>41Ἠ4144114</span> 
     </span>
     <span class='ocr_line' id='line_1_13' title="bbox 286 1367 1391 1436; baseline 0.004 -16"><span class='ocrx_word' id='word_1_83' title='bbox 286 1369 408 1436; x_wconf 88' lang='grc'>44414114,</span> <span class='ocrx_word' id='word_1_84' title='bbox 426 1382 507 1436; x_wconf 85' lang='lat' dir='ltr'>regno</span> <span class='ocrx_word' id='word_1_85' title='bbox 525 1367 624 1433; x_wconf 88' lang='lat' dir='ltr'>potitur</span> <span class='ocrx_word' id='word_1_86' title='bbox 1290 1370 1391 1434; x_wconf 79' lang='lat'>(1075)</span> 
     </span>
     <span class='ocr_line' id='line_1_14' title="bbox 253 1436 1256 1508; baseline -0.003 -17"><span class='ocrx_word' id='word_1_87' title='bbox 253 1439 337 1491; x_wconf 90' lang='lat' dir='ltr'>Dores</span> <span class='ocrx_word' id='word_1_88' title='bbox 355 1439 486 1508; x_wconf 80' lang='lat' dir='ltr'>Megaram</span> <span class='ocrx_word' id='word_1_89' title='bbox 505 1440 641 1504; x_wconf 87' lang='lat' dir='ltr'>occupant,</span> <span class='ocrx_word' id='word_1_90' title='bbox 661 1451 726 1504; x_wconf 88' lang='lat' dir='ltr'>quae</span> <span class='ocrx_word' id='word_1_91' title='bbox 745 1440 822 1489; x_wconf 88' lang='lat' dir='ltr'>antea</span> <span class='ocrx_word' id='word_1_92' title='bbox 840 1437 931 1490; x_wconf 93' lang='lat' dir='ltr'>Ionum</span> <span class='ocrx_word' id='word_1_93' title='bbox 948 1437 1041 1501; x_wconf 86' lang='lat' dir='ltr'>inerat,</span> <span class='ocrx_word' id='word_1_94' title='bbox 1063 1437 1110 1489; x_wconf 89' lang='lat' dir='ltr'>sed</span> <span class='ocrx_word' id='word_1_95' title='bbox 1128 1453 1144 1489; x_wconf 92' lang='lat' dir='ltr'>a</span> <span class='ocrx_word' id='word_1_96' title='bbox 1161 1436 1256 1489; x_wconf 90' lang='lat' dir='ltr'>finibus</span> 
     </span>
     <span class='ocr_line' id='line_1_15' title="bbox 286 1507 1257 1575; baseline 0 -14"><span class='ocrx_word' id='word_1_97' title='bbox 286 1508 390 1561; x_wconf 88' lang='lat' dir='ltr'>Atticae</span> <span class='ocrx_word' id='word_1_98' title='bbox 408 1509 542 1573; x_wconf 89' lang='lat' dir='ltr'>recedunt,</span> <span class='ocrx_word' id='word_1_99' title='bbox 566 1512 705 1575; x_wconf 89' lang='lat' dir='ltr'>postquam</span> <span class='ocrx_word' id='word_1_100' title='bbox 724 1507 834 1572; x_wconf 91' lang='lat' dir='ltr'>Codrus,</span> <span class='ocrx_word' id='word_1_101' title='bbox 858 1509 966 1561; x_wconf 90' lang='lat' dir='ltr'>ultimus</span> <span class='ocrx_word' id='word_1_102' title='bbox 985 1507 1184 1560; x_wconf 82' lang='lat' dir='ltr'>Atheniensium</span> <span class='ocrx_word' id='word_1_103' title='bbox 1202 1523 1257 1572; x_wconf 83' lang='lat' dir='ltr'>rex,</span> 
     </span>
     <span class='ocr_line' id='line_1_16' title="bbox 287 1578 1391 1647; baseline 0.003 -15"><span class='ocrx_word' id='word_1_104' title='bbox 287 1580 362 1632; x_wconf 92' lang='lat' dir='ltr'>caedi</span> <span class='ocrx_word' id='word_1_105' title='bbox 379 1580 519 1647; x_wconf 88' lang='grc'>4414411444</span> <span class='ocrx_word' id='word_1_106' title='bbox 539 1578 668 1631; x_wconf 89' lang='lat' dir='ltr'>obtulerat</span> <span class='ocrx_word' id='word_1_107' title='bbox 1292 1581 1391 1645; x_wconf 82' lang='grc'>(1068)</span> 
     </span>
    </p>
   </div>
   <div class='ocr_carea' id='block_1_4' title="bbox 256 1715 1512 3331">
    <p class='ocr_par' dir='ltr' id='par_1_4' title="bbox 256 1715 1257 1786">
     <span class='ocr_line' id='line_1_17' title="bbox 256 1715 1257 1786; baseline -0.008 -10"><span class='ocrx_word' id='word_1_108' title='bbox 256 1721 371 1776; x_wconf 82' lang='lat' dir='ltr'>Graecae</span> <span class='ocrx_word' id='word_1_109' title='bbox 386 1720 507 1771; x_wconf 86' lang='lat' dir='ltr'>coloniae</span> <span class='ocrx_word' id='word_1_110' title='bbox 519 1716 599 1772; x_wconf 90' lang='lat' dir='ltr'>Asiae</span> <span class='ocrx_word' id='word_1_111' title='bbox 612 1733 683 1771; x_wconf 91' lang='lat' dir='ltr'>oram</span> <span class='ocrx_word' id='word_1_112' title='bbox 696 1722 825 1786; x_wconf 90' lang='lat' dir='ltr'>occupant</span> <span class='ocrx_word' id='word_1_113' title='bbox 843 1718 886 1779; x_wconf 88' lang='lat' dir='ltr'>(ab</span> <span class='ocrx_word' id='word_1_114' title='bbox 899 1734 922 1770; x_wconf 86' lang='lat' dir='ltr'>a.</span> <span class='ocrx_word' id='word_1_115' title='bbox 937 1717 1005 1770; x_wconf 78' lang='lat'>1124</span> <span class='ocrx_word' id='word_1_116' title='bbox 1017 1733 1075 1785; x_wconf 89' lang='lat' dir='ltr'>usq.</span> <span class='ocrx_word' id='word_1_117' title='bbox 1095 1719 1156 1770; x_wconf 88' lang='lat' dir='ltr'>ciro.</span> <span class='ocrx_word' id='word_1_118' title='bbox 1168 1715 1257 1780; x_wconf 88' lang='lat'>1000).</span> 
     </span>
    </p>

    <p class='ocr_par' dir='ltr' id='par_1_5' title="bbox 270 1788 1390 2137">
     <span class='ocr_line' id='line_1_18' title="bbox 270 1788 1390 1857; baseline -0.002 -15"><span class='ocrx_word' id='word_1_119' title='bbox 270 1793 292 1845; x_wconf 88' lang='lat'>1.</span> <span class='ocrx_word' id='word_1_120' title='bbox 320 1792 437 1842; x_wconf 76' lang='lat' dir='ltr'>Aeolicus</span> <span class='ocrx_word' id='word_1_121' title='bbox 455 1791 541 1857; x_wconf 81' lang='lat' dir='ltr'>gentis</span> <span class='ocrx_word' id='word_1_122' title='bbox 560 1790 753 1857; x_wconf 86' lang='lat' dir='ltr'>antiquissima,</span> <span class='ocrx_word' id='word_1_123' title='bbox 774 1789 839 1841; x_wconf 88' lang='lat' dir='ltr'>duce</span> <span class='ocrx_word' id='word_1_124' title='bbox 858 1789 991 1853; x_wconf 87' lang='lat' dir='ltr'>Penthile,</span> <span class='ocrx_word' id='word_1_125' title='bbox 1012 1788 1112 1841; x_wconf 88' lang='lat' dir='ltr'>Orestis</span> <span class='ocrx_word' id='word_1_126' title='bbox 1130 1788 1197 1851; x_wconf 87' lang='lat' dir='ltr'>filio,</span> <span class='ocrx_word' id='word_1_127' title='bbox 1222 1804 1255 1840; x_wconf 86' lang='lat' dir='ltr'>ex</span> <span class='ocrx_word' id='word_1_128' title='bbox 1292 1793 1390 1856; x_wconf 79' lang='lat'>(1124)</span> 
     </span>
     <span class='ocr_line' id='line_1_19' title="bbox 320 1859 1254 1928; baseline -0.003 -15"><span class='ocrx_word' id='word_1_129' title='bbox 320 1861 503 1928; x_wconf 87' lang='lat' dir='ltr'>Peloponneso</span> <span class='ocrx_word' id='word_1_130' title='bbox 521 1860 646 1928; x_wconf 84' lang='lat' dir='ltr'>profecta,</span> <span class='ocrx_word' id='word_1_131' title='bbox 665 1860 712 1912; x_wconf 89' lang='lat' dir='ltr'>sed</span> <span class='ocrx_word' id='word_1_132' title='bbox 731 1860 861 1911; x_wconf 90' lang='lat' dir='ltr'>adiunctis</span> <span class='ocrx_word' id='word_1_133' title='bbox 880 1859 947 1923; x_wconf 91' lang='lat' dir='ltr'>aliis,</span> <span class='ocrx_word' id='word_1_134' title='bbox 966 1860 1119 1927; x_wconf 89' lang='lat' dir='ltr'>praesertim</span> <span class='ocrx_word' id='word_1_135' title='bbox 1136 1859 1254 1923; x_wconf 89' lang='lat' dir='ltr'>Boeotis,</span> 
     </span>
     <span class='ocr_line' id='line_1_20' title="bbox 321 1930 1256 1999; baseline -0.002 -16"><span class='ocrx_word' id='word_1_136' title='bbox 321 1947 369 1999; x_wconf 90' lang='lat' dir='ltr'>per</span> <span class='ocrx_word' id='word_1_137' title='bbox 387 1931 525 1982; x_wconf 84' lang='lat' dir='ltr'>Thraciam</span> <span class='ocrx_word' id='word_1_138' title='bbox 547 1932 575 1982; x_wconf 91' lang='lat' dir='ltr'>in</span> <span class='ocrx_word' id='word_1_139' title='bbox 593 1931 698 1983; x_wconf 87' lang='lat' dir='ltr'>Lesbon</span> <span class='ocrx_word' id='word_1_140' title='bbox 721 1933 748 1982; x_wconf 91' lang='grc'>41</span> <span class='ocrx_word' id='word_1_141' title='bbox 767 1930 901 1982; x_wconf 84' lang='lat' dir='ltr'>Tenedum</span> <span class='ocrx_word' id='word_1_142' title='bbox 925 1931 1024 1982; x_wconf 91' lang='lat' dir='ltr'>insulas</span> <span class='ocrx_word' id='word_1_143' title='bbox 1044 1933 1070 1981; x_wconf 92' lang='lat' dir='ltr'>et</span> <span class='ocrx_word' id='word_1_144' title='bbox 1087 1930 1166 1982; x_wconf 88' lang='lat' dir='ltr'>Asiae</span> <span class='ocrx_word' id='word_1_145' title='bbox 1185 1944 1256 1981; x_wconf 90' lang='lat' dir='ltr'>oram</span> 
     </span>
     <span class='ocr_line' id='line_1_21' title="bbox 320 1999 1256 2068; baseline -0.002 -15"><span class='ocrx_word' id='word_1_146' title='bbox 320 2002 484 2064; x_wconf 89' lang='lat' dir='ltr'>transmissa,</span> <span class='ocrx_word' id='word_1_147' title='bbox 503 2000 549 2052; x_wconf 91' lang='lat' dir='ltr'>ubi</span> <span class='ocrx_word' id='word_1_148' title='bbox 568 2000 600 2053; x_wconf 80' lang='lat'>12</span> <span class='ocrx_word' id='word_1_149' title='bbox 620 2002 700 2053; x_wconf 87' lang='lat' dir='ltr'>urbes</span> <span class='ocrx_word' id='word_1_150' title='bbox 717 2000 870 2064; x_wconf 88' lang='lat' dir='ltr'>conduntur,</span> <span class='ocrx_word' id='word_1_151' title='bbox 889 2015 997 2068; x_wconf 87' lang='lat' dir='ltr'>quarum</span> <span class='ocrx_word' id='word_1_152' title='bbox 1016 2004 1095 2068; x_wconf 88' lang='lat' dir='ltr'>caput</span> <span class='ocrx_word' id='word_1_153' title='bbox 1113 2004 1154 2053; x_wconf 92' lang='grc'>441</span> <span class='ocrx_word' id='word_1_154' title='bbox 1166 1999 1256 2067; x_wconf 88' lang='lat' dir='ltr'>Cyme.</span> 
     </span>
     <span class='ocr_line' id='line_1_22' title="bbox 322 2070 1256 2137; baseline 0 -15"><span class='ocrx_word' id='word_1_155' title='bbox 322 2071 460 2137; x_wconf 87' lang='lat' dir='ltr'>(Reliquae</span> <span class='ocrx_word' id='word_1_156' title='bbox 473 2074 535 2122; x_wconf 88' lang='lat' dir='ltr'>sunt</span> <span class='ocrx_word' id='word_1_157' title='bbox 546 2086 599 2123; x_wconf 90' lang='grc'>444.</span> <span class='ocrx_word' id='word_1_158' title='bbox 617 2070 679 2122; x_wconf 88' lang='lat' dir='ltr'>Her.</span> <span class='ocrx_word' id='word_1_159' title='bbox 694 2071 718 2134; x_wconf 98' lang='grc'>1,</span> <span class='ocrx_word' id='word_1_160' title='bbox 733 2071 784 2123; x_wconf 87' lang='grc'>149</span> <span class='ocrx_word' id='word_1_161' title='bbox 796 2071 926 2135; x_wconf 81' lang='lat' dir='ltr'>Larissae,</span> <span class='ocrx_word' id='word_1_162' title='bbox 938 2070 1013 2123; x_wconf 87' lang='lat' dir='ltr'>Neon</span> <span class='ocrx_word' id='word_1_163' title='bbox 1025 2072 1120 2134; x_wconf 92' lang='lat' dir='ltr'>tichos,</span> <span class='ocrx_word' id='word_1_164' title='bbox 1134 2071 1256 2134; x_wconf 86' lang='lat' dir='ltr'>Temnos,</span> 
     </span>
    </p>

    <p class='ocr_par' dir='ltr' id='par_1_6' title="bbox 296 2139 1512 2350">
     <span class='ocr_line' id='line_1_23' title="bbox 296 2139 1255 2210; baseline -0.001 -17"><span class='ocrx_word' id='word_1_165' title='bbox 296 2196 300 2202; x_wconf 64' lang='grc'>,</span> <span class='ocrx_word' id='word_1_166' title='bbox 323 2139 404 2204; x_wconf 86' lang='lat' dir='ltr'>Cilla,</span> <span class='ocrx_word' id='word_1_167' title='bbox 417 2139 532 2203; x_wconf 90' lang='lat' dir='ltr'>Notium,</span> <span class='ocrx_word' id='word_1_168' title='bbox 550 2141 717 2208; x_wconf 84' lang='lat' dir='ltr'>Aegrioessa,</span> <span class='ocrx_word' id='word_1_169' title='bbox 739 2141 840 2205; x_wconf 85' lang='lat' dir='ltr'>Pitane,</span> <span class='ocrx_word' id='word_1_170' title='bbox 864 2141 999 2210; x_wconf 78' lang='lat' dir='ltr'>Aegaeae,¹</span> <span class='ocrx_word' id='word_1_171' title='bbox 1012 2142 1122 2209; x_wconf 83' lang='lat' dir='ltr'>Myrina,</span> <span class='ocrx_word' id='word_1_172' title='bbox 1142 2140 1255 2209; x_wconf 84' lang='lat' dir='ltr'>Grynea,</span> 
     </span>
     <span class='ocr_line' id='line_1_24' title="bbox 322 2209 1512 2278; baseline 0.002 -17"><span class='ocrx_word' id='word_1_173' title='bbox 322 2211 434 2278; x_wconf 91' lang='lat' dir='ltr'>denique</span> <span class='ocrx_word' id='word_1_174' title='bbox 453 2209 577 2277; x_wconf 77' lang='lat' dir='ltr'>Smy&#39;rna,</span> <span class='ocrx_word' id='word_1_175' title='bbox 601 2225 666 2278; x_wconf 89' lang='lat' dir='ltr'>quae</span> <span class='ocrx_word' id='word_1_176' title='bbox 689 2212 782 2278; x_wconf 88' lang='grc'>444144</span> <span class='ocrx_word' id='word_1_177' title='bbox 799 2211 891 2264; x_wconf 91' lang='lat' dir='ltr'>Ionum</span> <span class='ocrx_word' id='word_1_178' title='bbox 914 2211 984 2265; x_wconf 84' lang='lat' dir='ltr'>tacta</span> <span class='ocrx_word' id='word_1_179' title='bbox 1002 2211 1069 2276; x_wconf 86' lang='lat' dir='ltr'>est).</span> <span class='ocrx_word' id='word_1_180' title='bbox 1105 2212 1177 2263; x_wconf 90' lang='lat' dir='ltr'>Haec</span> <span class='ocrx_word' id='word_1_181' title='bbox 1196 2226 1257 2263; x_wconf 93' lang='lat' dir='ltr'>con·</span> <span class='ocrx_word' id='word_1_182' title='bbox 1453 2253 1458 2261; x_wconf 90' lang='lat'>.</span> <span class='ocrx_word' id='word_1_183' title='bbox 1511 2242 1512 2249; x_wconf 46' lang='lat'>1</span> 
     </span>
     <span class='ocr_line' id='line_1_25' title="bbox 322 2278 1390 2350; baseline 0.007 -17"><span class='ocrx_word' id='word_1_184' title='bbox 322 2281 378 2333; x_wconf 88' lang='lat' dir='ltr'>dita</span> <span class='ocrx_word' id='word_1_185' title='bbox 394 2280 505 2333; x_wconf 81' lang='grc'>11411141</span> <span class='ocrx_word' id='word_1_186' title='bbox 522 2281 555 2334; x_wconf 88' lang='grc'>411</span> <span class='ocrx_word' id='word_1_187' title='bbox 572 2278 703 2334; x_wconf 85' lang='lat' dir='ltr'>Eratosth</span> <span class='ocrx_word' id='word_1_188' title='bbox 1291 2284 1390 2350; x_wconf 82' lang='lat'>(1034)</span> 
     </span>
    </p>

    <p class='ocr_par' dir='ltr' id='par_1_7' title="bbox 269 2351 1411 2684">
     <span class='ocr_line' id='line_1_26' title="bbox 269 2351 1411 2418; baseline -0.001 -14"><span class='ocrx_word' id='word_1_189' title='bbox 269 2352 295 2405; x_wconf 73' lang='lat'>2.</span> <span class='ocrx_word' id='word_1_190' title='bbox 322 2351 423 2403; x_wconf 82' lang='lat' dir='ltr'>Ionicae</span> <span class='ocrx_word' id='word_1_191' title='bbox 441 2352 536 2418; x_wconf 82' lang='lat' dir='ltr'>gentis.</span> <span class='ocrx_word' id='word_1_192' title='bbox 564 2351 642 2403; x_wconf 90' lang='lat' dir='ltr'>Iones</span> <span class='ocrx_word' id='word_1_193' title='bbox 661 2351 831 2415; x_wconf 85' lang='lat' dir='ltr'>etllessenii,</span> <span class='ocrx_word' id='word_1_194' title='bbox 850 2353 905 2404; x_wconf 91' lang='lat' dir='ltr'>suis</span> <span class='ocrx_word' id='word_1_195' title='bbox 923 2353 1027 2418; x_wconf 87' lang='lat' dir='ltr'>utrique</span> <span class='ocrx_word' id='word_1_196' title='bbox 1046 2351 1152 2403; x_wconf 88' lang='lat' dir='ltr'>sedibus</span> <span class='ocrx_word' id='word_1_197' title='bbox 1167 2352 1253 2415; x_wconf 87' lang='lat' dir='ltr'>eiecti,</span> <span class='ocrx_word' id='word_1_198' title='bbox 1408 2368 1411 2374; x_wconf 22' lang='grc' dir='ltr'><strong>Δ</strong></span> 
     </span>
     <span class='ocr_line' id='line_1_27' title="bbox 322 2420 1271 2489; baseline 0 -15"><span class='ocrx_word' id='word_1_199' title='bbox 322 2421 452 2474; x_wconf 89' lang='lat' dir='ltr'>adiunctis</span> <span class='ocrx_word' id='word_1_200' title='bbox 464 2420 610 2475; x_wconf 90' lang='lat' dir='ltr'>Abantibus</span> <span class='ocrx_word' id='word_1_201' title='bbox 624 2438 657 2473; x_wconf 90' lang='lat' dir='ltr'>ex</span> <span class='ocrx_word' id='word_1_202' title='bbox 668 2421 784 2486; x_wconf 83' lang='lat' dir='ltr'>Euboea,</span> <span class='ocrx_word' id='word_1_203' title='bbox 804 2421 925 2475; x_wconf 89' lang='lat' dir='ltr'>Cadmeis</span> <span class='ocrx_word' id='word_1_204' title='bbox 944 2425 970 2474; x_wconf 93' lang='grc'>41</span> <span class='ocrx_word' id='word_1_205' title='bbox 981 2422 1078 2489; x_wconf 87' lang='lat' dir='ltr'>hlinyis</span> <span class='ocrx_word' id='word_1_206' title='bbox 1090 2437 1125 2474; x_wconf 83' lang='lat' dir='ltr'>ex</span> <span class='ocrx_word' id='word_1_207' title='bbox 1136 2422 1255 2486; x_wconf 90' lang='lat' dir='ltr'>Boeotia,</span> <span class='ocrx_word' id='word_1_208' title='bbox 1268 2440 1271 2445; x_wconf 90' lang='lat'>·</span> 
     </span>
     <span class='ocr_line' id='line_1_28' title="bbox 322 2490 1256 2557; baseline -0.001 -13"><span class='ocrx_word' id='word_1_209' title='bbox 322 2492 515 2556; x_wconf 88' lang='lat' dir='ltr'>Phocensihus,</span> <span class='ocrx_word' id='word_1_210' title='bbox 540 2492 598 2544; x_wconf 89' lang='lat' dir='ltr'>aliis</span> <span class='ocrx_word' id='word_1_211' title='bbox 623 2492 662 2555; x_wconf 86' lang='lat' dir='ltr'>(v.</span> <span class='ocrx_word' id='word_1_212' title='bbox 680 2493 741 2545; x_wconf 91' lang='lat' dir='ltr'>Her.</span> <span class='ocrx_word' id='word_1_213' title='bbox 762 2493 787 2557; x_wconf 90' lang='lat'>1,</span> <span class='ocrx_word' id='word_1_214' title='bbox 808 2492 872 2554; x_wconf 82' lang='lat'>146)</span> <span class='ocrx_word' id='word_1_215' title='bbox 891 2492 1002 2545; x_wconf 79' lang='lat' dir='ltr'>Athenis</span> <span class='ocrx_word' id='word_1_216' title='bbox 1024 2493 1052 2543; x_wconf 92' lang='lat' dir='ltr'>in</span> <span class='ocrx_word' id='word_1_217' title='bbox 1070 2490 1161 2545; x_wconf 90' lang='lat' dir='ltr'>Asiam</span> <span class='ocrx_word' id='word_1_218' title='bbox 1185 2493 1256 2545; x_wconf 85' lang='lat' dir='ltr'>traii-</span> 
     </span>
     <span class='ocr_line' id='line_1_29' title="bbox 321 2561 1258 2684; baseline 0.001 -70"><span class='ocrx_word' id='word_1_219' title='bbox 321 2563 402 2684; x_wconf 61' lang='grc' dir='ltr'>ί411441.</span> <span class='ocrx_word' id='word_1_220' title='bbox 440 2561 519 2615; x_wconf 80' lang='lat' dir='ltr'>Codri</span> <span class='ocrx_word' id='word_1_221' title='bbox 535 2561 593 2626; x_wconf 86' lang='lat' dir='ltr'>filii,</span> <span class='ocrx_word' id='word_1_222' title='bbox 610 2562 758 2625; x_wconf 79' lang='lat' dir='ltr'>Androclus</span> <span class='ocrx_word' id='word_1_223' title='bbox 776 2563 921 2631; x_wconf 85' lang='lat' dir='ltr'>Ephesum,</span> <span class='ocrx_word' id='word_1_224' title='bbox 944 2563 1042 2615; x_wconf 88' lang='lat' dir='ltr'>Neleus</span> <span class='ocrx_word' id='word_1_225' title='bbox 1061 2563 1178 2615; x_wconf 80' lang='lat' dir='ltr'>Miletum</span> <span class='ocrx_word' id='word_1_226' title='bbox 1196 2578 1258 2615; x_wconf 89' lang='lat' dir='ltr'>con·</span> 
     </span>
    </p>

    <p class='ocr_par' dir='ltr' id='par_1_8' title="bbox 321 2636 1389 2840">
     <span class='ocr_line' id='line_1_30' title="bbox 339 2636 1389 2699; baseline 0.006 -15"><span class='ocrx_word' id='word_1_227' title='bbox 339 2636 386 2684; x_wconf 90' lang='lat' dir='ltr'>unt</span> <span class='ocrx_word' id='word_1_228' title='bbox 1307 2637 1389 2699; x_wconf 86' lang='grc'>1044)</span> 
     </span>
     <span class='ocr_line' id='line_1_31' title="bbox 321 2637 1301 2766; baseline 0.001 -12"><span class='ocrx_word' id='word_1_229' title='bbox 321 2703 367 2754; x_wconf 88' lang='lat' dir='ltr'>alii</span> <span class='ocrx_word' id='word_1_230' title='bbox 389 2702 454 2755; x_wconf 89' lang='lat' dir='ltr'>alias</span> <span class='ocrx_word' id='word_1_231' title='bbox 478 2702 570 2766; x_wconf 90' lang='lat' dir='ltr'>urbes,</span> <span class='ocrx_word' id='word_1_232' title='bbox 592 2703 655 2755; x_wconf 89' lang='lat' dir='ltr'>item</span> <span class='ocrx_word' id='word_1_233' title='bbox 679 2701 712 2755; x_wconf 78' lang='lat'>12</span> <span class='ocrx_word' id='word_1_234' title='bbox 730 2717 851 2766; x_wconf 90' lang='lat' dir='ltr'>numero,</span> <span class='ocrx_word' id='word_1_235' title='bbox 875 2702 1000 2754; x_wconf 85' lang='lat' dir='ltr'>societate</span> <span class='ocrx_word' id='word_1_236' title='bbox 1023 2704 1051 2753; x_wconf 93' lang='lat' dir='ltr'>et</span> <span class='ocrx_word' id='word_1_237' title='bbox 1073 2702 1253 2755; x_wconf 88' lang='lat' dir='ltr'>communibus</span> <span class='ocrx_word' id='word_1_238' title='bbox 1290 2637 1301 2701; x_wconf 73' lang='lat'>(</span> 
     </span>
     <span class='ocr_line' id='line_1_32' title="bbox 323 2770 1255 2840; baseline 0 -16"><span class='ocrx_word' id='word_1_239' title='bbox 323 2773 405 2825; x_wconf 88' lang='lat' dir='ltr'>sacris</span> <span class='ocrx_word' id='word_1_240' title='bbox 428 2770 560 2840; x_wconf 86' lang='lat' dir='ltr'>(Neptuni</span> <span class='ocrx_word' id='word_1_241' title='bbox 580 2773 712 2825; x_wconf 89' lang='lat' dir='ltr'>Heliconii</span> <span class='ocrx_word' id='word_1_242' title='bbox 733 2774 761 2825; x_wconf 92' lang='lat' dir='ltr'>in</span> <span class='ocrx_word' id='word_1_243' title='bbox 783 2772 925 2835; x_wconf 83' lang='lat' dir='ltr'>Panionio)</span> <span class='ocrx_word' id='word_1_244' title='bbox 948 2772 1017 2825; x_wconf 90' lang='lat' dir='ltr'>inter</span> <span class='ocrx_word' id='word_1_245' title='bbox 1040 2787 1069 2824; x_wconf 90' lang='lat' dir='ltr'>se</span> <span class='ocrx_word' id='word_1_246' title='bbox 1093 2773 1255 2825; x_wconf 87' lang='grc'>4441444144.</span> 
     </span>
    </p>

    <p class='ocr_par' dir='ltr' id='par_1_9' title="bbox 322 2842 1255 2912">
     <span class='ocr_line' id='line_1_33' title="bbox 322 2842 1255 2912; baseline 0 -18"><span class='ocrx_word' id='word_1_247' title='bbox 322 2843 421 2910; x_wconf 87' lang='lat' dir='ltr'>(hiyns,</span> <span class='ocrx_word' id='word_1_248' title='bbox 437 2843 547 2908; x_wconf 82' lang='lat' dir='ltr'>Priene,</span> <span class='ocrx_word' id='word_1_249' title='bbox 572 2843 715 2912; x_wconf 79' lang='lat' dir='ltr'>Colophon,</span> <span class='ocrx_word' id='word_1_250' title='bbox 739 2843 868 2907; x_wconf 90' lang='lat' dir='ltr'>Lebedos,</span> <span class='ocrx_word' id='word_1_251' title='bbox 888 2842 966 2905; x_wconf 82' lang='lat' dir='ltr'>Teos,</span> <span class='ocrx_word' id='word_1_252' title='bbox 991 2842 1169 2907; x_wconf 89' lang='lat' dir='ltr'>Clazomenae,</span> <span class='ocrx_word' id='word_1_253' title='bbox 1189 2842 1255 2894; x_wconf 91' lang='lat' dir='ltr'>Pho·</span> 
     </span>
    </p>

    <p class='ocr_par' dir='ltr' id='par_1_10' title="bbox 322 2913 1257 3052">
     <span class='ocr_line' id='line_1_34' title="bbox 322 2913 1257 2981; baseline -0.001 -16"><span class='ocrx_word' id='word_1_254' title='bbox 322 2928 398 2978; x_wconf 91' lang='lat' dir='ltr'>caea,</span> <span class='ocrx_word' id='word_1_255' title='bbox 425 2913 566 2981; x_wconf 74' lang='lat' dir='ltr'>Erythrae,</span> <span class='ocrx_word' id='word_1_256' title='bbox 595 2913 674 2967; x_wconf 89' lang='lat' dir='ltr'>Chios</span> <span class='ocrx_word' id='word_1_257' title='bbox 698 2917 725 2966; x_wconf 91' lang='grc'>41</span> <span class='ocrx_word' id='word_1_258' title='bbox 748 2913 841 2969; x_wconf 87' lang='lat' dir='ltr'>Samos</span> <span class='ocrx_word' id='word_1_259' title='bbox 863 2913 979 2976; x_wconf 87' lang='grc'>1444144,</span> <span class='ocrx_word' id='word_1_260' title='bbox 1008 2917 1142 2981; x_wconf 85' lang='grc'>4444111414</span> <span class='ocrx_word' id='word_1_261' title='bbox 1163 2915 1257 2981; x_wconf 87' lang='lat' dir='ltr'>postes</span> 
     </span>
     <span class='ocr_line' id='line_1_35' title="bbox 323 2978 1256 3052; baseline -0.002 -15"><span class='ocrx_word' id='word_1_262' title='bbox 323 2983 447 3052; x_wconf 82' lang='lat' dir='ltr'>Smyrna,</span> <span class='ocrx_word' id='word_1_263' title='bbox 471 2999 537 3051; x_wconf 90' lang='lat' dir='ltr'>quae</span> <span class='ocrx_word' id='word_1_264' title='bbox 560 2984 729 3037; x_wconf 89' lang='lat' dir='ltr'>Aeolensium</span> <span class='ocrx_word' id='word_1_265' title='bbox 751 2981 856 3046; x_wconf 90' lang='lat' dir='ltr'>fuerat.)</span> <span class='ocrx_word' id='word_1_266' title='bbox 900 2983 968 3034; x_wconf 87' lang='grc'>11441</span> <span class='ocrx_word' id='word_1_267' title='bbox 990 2983 1090 3035; x_wconf 90' lang='lat' dir='ltr'>insulas</span> <span class='ocrx_word' id='word_1_268' title='bbox 1113 2978 1256 3036; x_wconf 54' lang='lat' dir='ltr'>[validae</span> 
     </span>
    </p>

    <p class='ocr_par' dir='ltr' id='par_1_11' title="bbox 321 3052 1313 3177">
     <span class='ocr_line' id='line_1_36' title="bbox 321 3052 1313 3177; baseline -0.001 -71"><span class='ocrx_word' id='word_1_269' title='bbox 321 3054 375 3177; x_wconf 54' lang='lat' dir='ltr'>{ere</span> <span class='ocrx_word' id='word_1_270' title='bbox 388 3055 465 3107; x_wconf 92' lang='lat' dir='ltr'>Iones</span> <span class='ocrx_word' id='word_1_271' title='bbox 477 3054 588 3107; x_wconf 90' lang='lat' dir='ltr'>Athenis</span> <span class='ocrx_word' id='word_1_272' title='bbox 599 3056 710 3122; x_wconf 88' lang='lat' dir='ltr'>protecti</span> <span class='ocrx_word' id='word_1_273' title='bbox 722 3057 860 3122; x_wconf 89' lang='lat' dir='ltr'>occupant,</span> <span class='ocrx_word' id='word_1_274' title='bbox 878 3052 989 3117; x_wconf 85' lang='lat' dir='ltr'>Naxum,</span> <span class='ocrx_word' id='word_1_275' title='bbox 1010 3053 1099 3117; x_wconf 92' lang='lat' dir='ltr'>Ceum,</span> <span class='ocrx_word' id='word_1_276' title='bbox 1119 3054 1254 3121; x_wconf 87' lang='lat' dir='ltr'>Siphnum,</span> <span class='ocrx_word' id='word_1_277' title='bbox 1311 3113 1313 3118; x_wconf 89' lang='lat'><em>.</em></span> 
     </span>
    </p>

    <p class='ocr_par' dir='ltr' id='par_1_12' title="bbox 343 3125 547 3177">
     <span class='ocr_line' id='line_1_37' title="bbox 343 3125 547 3177; baseline 0 -1"><span class='ocrx_word' id='word_1_278' title='bbox 343 3126 380 3176; x_wconf 92' lang='lat' dir='ltr'>eri</span> <span class='ocrx_word' id='word_1_279' title='bbox 398 3125 460 3177; x_wconf 90' lang='lat' dir='ltr'>hum</span> <span class='ocrx_word' id='word_1_280' title='bbox 478 3125 510 3176; x_wconf 92' lang='lat' dir='ltr'>al.</span> <span class='ocrx_word' id='word_1_281' title='bbox 543 3142 547 3149; x_wconf 73' lang='lat'><strong><em>¹</em></strong></span> 
     </span>
    </p>

    <p class='ocr_par' dir='ltr' id='par_1_13' title="bbox 269 3142 1255 3331">
     <span class='ocr_line' id='line_1_38' title="bbox 269 3142 1255 3262; baseline -0.001 -15"><span class='ocrx_word' id='word_1_282' title='bbox 269 3194 294 3247; x_wconf 81' lang='lat'>3.</span> <span class='ocrx_word' id='word_1_283' title='bbox 322 3142 433 3245; x_wconf 49' lang='grc'>11449444</span> <span class='ocrx_word' id='word_1_284' title='bbox 456 3196 555 3262; x_wconf 81' lang='lat' dir='ltr'>gentis,</span> <span class='ocrx_word' id='word_1_285' title='bbox 579 3192 688 3246; x_wconf 91' lang='lat' dir='ltr'>ducibus</span> <span class='ocrx_word' id='word_1_286' title='bbox 711 3193 858 3245; x_wconf 84' lang='lat' dir='ltr'>Heraclidis</span> <span class='ocrx_word' id='word_1_287' title='bbox 882 3197 909 3245; x_wconf 91' lang='grc'>41</span> <span class='ocrx_word' id='word_1_288' title='bbox 926 3191 1105 3261; x_wconf 86' lang='lat' dir='ltr'>Asclepiadis,</span> <span class='ocrx_word' id='word_1_289' title='bbox 1129 3209 1162 3245; x_wconf 87' lang='lat' dir='ltr'>ex</span> <span class='ocrx_word' id='word_1_290' title='bbox 1180 3194 1255 3246; x_wconf 88' lang='lat' dir='ltr'>Pelo-</span> 
     </span>
     <span class='ocr_line' id='line_1_39' title="bbox 320 3262 1255 3331; baseline 0 -16"><span class='ocrx_word' id='word_1_291' title='bbox 320 3279 437 3331; x_wconf 93' lang='lat' dir='ltr'>ponneso</span> <span class='ocrx_word' id='word_1_292' title='bbox 456 3264 596 3331; x_wconf 90' lang='lat' dir='ltr'>profectae,</span> <span class='ocrx_word' id='word_1_293' title='bbox 616 3264 708 3316; x_wconf 89' lang='lat' dir='ltr'>Cariae</span> <span class='ocrx_word' id='word_1_294' title='bbox 726 3278 797 3315; x_wconf 92' lang='lat' dir='ltr'>oram</span> <span class='ocrx_word' id='word_1_295' title='bbox 816 3267 946 3331; x_wconf 88' lang='lat' dir='ltr'>occupant</span> <span class='ocrx_word' id='word_1_296' title='bbox 963 3262 1024 3328; x_wconf 93' lang='lat' dir='ltr'>(ubi</span> <span class='ocrx_word' id='word_1_297' title='bbox 1042 3265 1120 3316; x_wconf 88' lang='lat' dir='ltr'>urbes</span> <span class='ocrx_word' id='word_1_298' title='bbox 1138 3265 1255 3317; x_wconf 87' lang='lat' dir='ltr'>Halicar-</span> 
     </span>
    </p>
   </div>
   <div class='ocr_carea' id='block_1_5' title="bbox 286 3332 1389 3543">
    <p class='ocr_par' dir='ltr' id='par_1_14' title="bbox 286 3332 1389 3543">
     <span class='ocr_line' id='line_1_40' title="bbox 321 3332 1389 3407; baseline 0.001 -21"><span class='ocrx_word' id='word_1_299' title='bbox 321 3349 415 3386; x_wconf 88' lang='lat' dir='ltr'>nassus</span> <span class='ocrx_word' id='word_1_300' title='bbox 439 3337 466 3385; x_wconf 89' lang='grc'>41</span> <span class='ocrx_word' id='word_1_301' title='bbox 484 3332 597 3394; x_wconf 90' lang='lat' dir='ltr'>Cnidus)</span> <span class='ocrx_word' id='word_1_302' title='bbox 621 3338 647 3386; x_wconf 92' lang='grc'>41</span> <span class='ocrx_word' id='word_1_303' title='bbox 664 3333 785 3385; x_wconf 92' lang='lat' dir='ltr'>Rhodum</span> <span class='ocrx_word' id='word_1_304' title='bbox 808 3337 834 3385; x_wconf 91' lang='lat' dir='ltr'>et</span> <span class='ocrx_word' id='word_1_305' title='bbox 853 3333 909 3386; x_wconf 90' lang='grc'>044</span> <span class='ocrx_word' id='word_1_306' title='bbox 933 3335 1034 3386; x_wconf 87' lang='grc'>1444144</span> <span class='ocrx_word' id='word_1_307' title='bbox 1059 3334 1150 3397; x_wconf 89' lang='lat' dir='ltr'>(urbes</span> <span class='ocrx_word' id='word_1_308' title='bbox 1168 3335 1255 3387; x_wconf 86' lang='lat' dir='ltr'>Rhodi</span> <span class='ocrx_word' id='word_1_309' title='bbox 1290 3344 1389 3407; x_wconf 85' lang='lat'>(1000)</span> 
     </span>
     <span class='ocr_line' id='line_1_41' title="bbox 323 3401 1154 3469; baseline 0.001 -14"><span class='ocrx_word' id='word_1_310' title='bbox 323 3407 385 3455; x_wconf 91' lang='lat' dir='ltr'>sunt</span> <span class='ocrx_word' id='word_1_311' title='bbox 401 3403 515 3467; x_wconf 90' lang='lat' dir='ltr'>Lindus,</span> <span class='ocrx_word' id='word_1_312' title='bbox 533 3403 663 3469; x_wconf 89' lang='lat' dir='ltr'>lalyssus,</span> <span class='ocrx_word' id='word_1_313' title='bbox 683 3401 825 3467; x_wconf 87' lang='grc'>04141144).</span> <span class='ocrx_word' id='word_1_314' title='bbox 1152 3414 1154 3419; x_wconf 81' lang='grc'>’</span> 
     </span>
     <span class='ocr_line' id='line_1_42' title="bbox 286 3472 1253 3543; baseline 0.001 -18"><span class='ocrx_word' id='word_1_315' title='bbox 286 3472 412 3526; x_wconf 88' lang='lat' dir='ltr'>Eiusdem</span> <span class='ocrx_word' id='word_1_316' title='bbox 430 3475 516 3542; x_wconf 84' lang='lat' dir='ltr'>gentis</span> <span class='ocrx_word' id='word_1_317' title='bbox 535 3474 652 3526; x_wconf 90' lang='lat' dir='ltr'>coloniae</span> <span class='ocrx_word' id='word_1_318' title='bbox 670 3475 698 3525; x_wconf 90' lang='lat' dir='ltr'>in</span> <span class='ocrx_word' id='word_1_319' title='bbox 712 3473 815 3526; x_wconf 87' lang='lat' dir='ltr'>Cretam</span> <span class='ocrx_word' id='word_1_320' title='bbox 832 3474 944 3527; x_wconf 90' lang='lat' dir='ltr'>insulam</span> <span class='ocrx_word' id='word_1_321' title='bbox 956 3473 1097 3543; x_wconf 91' lang='lat' dir='ltr'>(urbesque</span> <span class='ocrx_word' id='word_1_322' title='bbox 1112 3474 1253 3540; x_wconf 84' lang='grc'>04444414,</span> 
     </span>
    </p>
   </div>
   <div class='ocr_carea' id='block_1_6' title="bbox 322 3542 846 3612">
    <p class='ocr_par' dir='ltr' id='par_1_15' title="bbox 322 3542 846 3612">
     <span class='ocr_line' id='line_1_43' title="bbox 322 3542 846 3612; baseline -0.004 -14"><span class='ocrx_word' id='word_1_323' title='bbox 322 3543 475 3612; x_wconf 87' lang='lat' dir='ltr'>Gortynam,</span> <span class='ocrx_word' id='word_1_324' title='bbox 491 3542 619 3612; x_wconf 86' lang='lat' dir='ltr'>Lyctum)</span> <span class='ocrx_word' id='word_1_325' title='bbox 637 3543 846 3612; x_wconf 81' lang='lat' dir='ltr'>proficiscuntur.</span> 
     </span>
    </p>
   </div>
   <div class='ocr_carea' id='block_1_7' title="bbox 251 3769 1404 3949">
    <p class='ocr_par' dir='ltr' id='par_1_16' title="bbox 251 3769 1404 3949">
     <span class='ocr_line' id='line_1_44' title="bbox 251 3769 1404 3949; baseline -0.06 -70"><span class='ocrx_word' id='word_1_326' title='bbox 251 3822 451 3878; x_wconf 86' lang='lat' dir='ltr'>Atheniensium</span> <span class='ocrx_word' id='word_1_327' title='bbox 468 3823 569 3876; x_wconf 76' lang='lat' dir='ltr'>civitati</span> <span class='ocrx_word' id='word_1_328' title='bbox 588 3839 603 3876; x_wconf 94' lang='grc'>4</span> <span class='ocrx_word' id='word_1_329' title='bbox 616 3823 701 3877; x_wconf 91' lang='lat' dir='ltr'>Codro</span> <span class='ocrx_word' id='word_1_330' title='bbox 719 3839 781 3894; x_wconf 84' lang='lat' dir='ltr'>rege</span> <span class='ocrx_word' id='word_1_331' title='bbox 793 3828 895 3877; x_wconf 91' lang='lat' dir='ltr'>mortuo</span> <span class='ocrx_word' id='word_1_332' title='bbox 908 3824 1045 3878; x_wconf 79' lang='lat' dir='ltr'>archontes</span> <span class='ocrx_word' id='word_1_333' title='bbox 1051 3841 1104 3949; x_wconf 51' lang='lat' dir='ltr'>Xe,</span> <span class='ocrx_word' id='word_1_334' title='bbox 1115 3826 1203 3889; x_wconf 53' lang='lat' dir='ltr'>vim,</span> <span class='ocrx_word' id='word_1_335' title='bbox 1229 3769 1304 3811; x_wconf 58' lang='lat' dir='ltr'>*Cha</span> <span class='ocrx_word' id='word_1_336' title='bbox 1318 3770 1404 3821; x_wconf 78' lang='lat' dir='ltr'>cumn.</span> 
     </span>
    </p>
   </div>
   <div class='ocr_carea' id='block_1_8' title="bbox 221 3895 1311 4512">
    <p class='ocr_par' dir='ltr' id='par_1_17' title="bbox 284 3895 1204 3965">
     <span class='ocr_line' id='line_1_45' title="bbox 284 3895 1204 3965; baseline 0.003 -19"><span class='ocrx_word' id='word_1_337' title='bbox 284 3909 369 3961; x_wconf 88' lang='lat' dir='ltr'>neque</span> <span class='ocrx_word' id='word_1_338' title='bbox 381 3897 469 3946; x_wconf 87' lang='grc'>144144</span> <span class='ocrx_word' id='word_1_339' title='bbox 481 3909 596 3947; x_wconf 90' lang='lat' dir='ltr'>summae</span> <span class='ocrx_word' id='word_1_340' title='bbox 608 3896 756 3963; x_wconf 88' lang='lat' dir='ltr'>potestatis,</span> <span class='ocrx_word' id='word_1_341' title='bbox 775 3911 884 3963; x_wconf 87' lang='lat' dir='ltr'>quornm</span> <span class='ocrx_word' id='word_1_342' title='bbox 897 3897 996 3965; x_wconf 90' lang='lat' dir='ltr'>primns</span> <span class='ocrx_word' id='word_1_343' title='bbox 1009 3897 1050 3948; x_wconf 87' lang='grc'>114</span> <span class='ocrx_word' id='word_1_344' title='bbox 1069 3911 1111 3961; x_wconf 92' lang='grc'>44,</span> <span class='ocrx_word' id='word_1_345' title='bbox 1125 3895 1204 3949; x_wconf 85' lang='lat' dir='ltr'>Codri</span> 
     </span>
    </p>

    <p class='ocr_par' dir='ltr' id='par_1_18' title="bbox 221 3963 1311 4246">
     <span class='ocr_line' id='line_1_46' title="bbox 283 3963 1310 4031; baseline 0 -15"><span class='ocrx_word' id='word_1_346' title='bbox 283 3963 362 4028; x_wconf 90' lang='lat' dir='ltr'>filius,</span> <span class='ocrx_word' id='word_1_347' title='bbox 380 3968 505 4031; x_wconf 78' lang='lat' dir='ltr'>praesunt</span> <span class='ocrx_word' id='word_1_348' title='bbox 1240 3963 1310 4018; x_wconf 87' lang='grc'>1068</span> 
     </span>
     <span class='ocr_line' id='line_1_47' title="bbox 251 4033 1311 4104; baseline 0.001 -16"><span class='ocrx_word' id='word_1_349' title='bbox 251 4033 370 4088; x_wconf 88' lang='lat' dir='ltr'>Corinthi</span> <span class='ocrx_word' id='word_1_350' title='bbox 380 4034 534 4088; x_wconf 90' lang='lat' dir='ltr'>Heraclidae</span> <span class='ocrx_word' id='word_1_351' title='bbox 547 4051 628 4104; x_wconf 81' lang='lat' dir='ltr'>regno</span> <span class='ocrx_word' id='word_1_352' title='bbox 640 4037 776 4103; x_wconf 79' lang='lat' dir='ltr'>privantur</span> <span class='ocrx_word' id='word_1_353' title='bbox 790 4051 805 4087; x_wconf 98' lang='lat' dir='ltr'>a</span> <span class='ocrx_word' id='word_1_354' title='bbox 816 4035 956 4088; x_wconf 89' lang='lat' dir='ltr'>Bacchide.</span> <span class='ocrx_word' id='word_1_355' title='bbox 976 4035 1127 4091; x_wconf 82' lang='lat' dir='ltr'>Succedunt</span> <span class='ocrx_word' id='word_1_356' title='bbox 1137 4037 1205 4090; x_wconf 87' lang='lat' dir='ltr'>Bac·</span> <span class='ocrx_word' id='word_1_357' title='bbox 1257 4034 1311 4089; x_wconf 79' lang='lat'>956</span> 
     </span>
     <span class='ocr_line' id='line_1_48' title="bbox 221 4104 1144 4174; baseline 0.001 -17"><span class='ocrx_word' id='word_1_358' title='bbox 221 4164 224 4167; x_wconf 14' lang='grc' dir='ltr'><strong>Α</strong></span> <span class='ocrx_word' id='word_1_359' title='bbox 284 4104 400 4169; x_wconf 88' lang='lat' dir='ltr'>chiadae,</span> <span class='ocrx_word' id='word_1_360' title='bbox 418 4106 464 4173; x_wconf 88' lang='lat' dir='ltr'>qui</span> <span class='ocrx_word' id='word_1_361' title='bbox 480 4121 590 4174; x_wconf 81' lang='lat' dir='ltr'>regnum</span> <span class='ocrx_word' id='word_1_362' title='bbox 607 4122 655 4174; x_wconf 90' lang='lat' dir='ltr'>per</span> <span class='ocrx_word' id='word_1_363' title='bbox 671 4108 785 4174; x_wconf 85' lang='lat' dir='ltr'>quinque</span> <span class='ocrx_word' id='word_1_364' title='bbox 804 4110 903 4158; x_wconf 89' lang='lat' dir='ltr'>aetates</span> <span class='ocrx_word' id='word_1_365' title='bbox 921 4108 1019 4158; x_wconf 87' lang='lat' dir='ltr'>tenent.</span> <span class='ocrx_word' id='word_1_366' title='bbox 1139 4114 1144 4121; x_wconf 86' lang='lat'>&#39;</span> 
     </span>
     <span class='ocr_line' id='line_1_49' title="bbox 248 4174 1203 4246; baseline 0.001 -19"><span class='ocrx_word' id='word_1_367' title='bbox 248 4174 513 4228; x_wconf 87' lang='lat' dir='ltr'>Lacedaemoniorum</span> <span class='ocrx_word' id='word_1_368' title='bbox 536 4177 703 4244; x_wconf 89' lang='lat' dir='ltr'>respublica</span> <span class='ocrx_word' id='word_1_369' title='bbox 726 4177 770 4228; x_wconf 91' lang='lat' dir='ltr'>diu</span> <span class='ocrx_word' id='word_1_370' title='bbox 793 4177 907 4228; x_wconf 85' lang='lat' dir='ltr'>lacerata</span> <span class='ocrx_word' id='word_1_371' title='bbox 929 4177 1068 4230; x_wconf 85' lang='lat' dir='ltr'>discordiis</span> <span class='ocrx_word' id='word_1_372' title='bbox 1086 4192 1133 4246; x_wconf 92' lang='grc'>441</span> <span class='ocrx_word' id='word_1_373' title='bbox 1151 4178 1203 4245; x_wconf 75' lang='lat' dir='ltr'>Ly-</span> 
     </span>
    </p>

    <p class='ocr_par' dir='ltr' id='par_1_19' title="bbox 248 4243 1307 4386">
     <span class='ocr_line' id='line_1_50' title="bbox 284 4243 1307 4315; baseline 0.001 -18"><span class='ocrx_word' id='word_1_374' title='bbox 284 4265 385 4313; x_wconf 73' lang='lat' dir='ltr'>curpanr</span> <span class='ocrx_word' id='word_1_375' title='bbox 404 4247 575 4315; x_wconf 89' lang='lat' dir='ltr'>componitur,</span> <span class='ocrx_word' id='word_1_376' title='bbox 594 4247 708 4299; x_wconf 89' lang='lat' dir='ltr'>Charilai</span> <span class='ocrx_word' id='word_1_377' title='bbox 725 4248 795 4315; x_wconf 78' lang='lat' dir='ltr'>regis</span> <span class='ocrx_word' id='word_1_378' title='bbox 814 4250 926 4299; x_wconf 86' lang='lat' dir='ltr'>tutorem</span> <span class='ocrx_word' id='word_1_379' title='bbox 1253 4243 1307 4298; x_wconf 84' lang='grc'>884</span> 
     </span>
     <span class='ocr_line' id='line_1_51' title="bbox 248 4317 1202 4386; baseline 0.002 -18"><span class='ocrx_word' id='word_1_380' title='bbox 248 4319 358 4370; x_wconf 88' lang='grc'>44114114</span> <span class='ocrx_word' id='word_1_381' title='bbox 389 4317 459 4370; x_wconf 89' lang='lat' dir='ltr'>binis</span> <span class='ocrx_word' id='word_1_382' title='bbox 487 4318 593 4385; x_wconf 82' lang='lat' dir='ltr'>regibus</span> <span class='ocrx_word' id='word_1_383' title='bbox 622 4333 655 4369; x_wconf 85' lang='lat' dir='ltr'>ex</span> <span class='ocrx_word' id='word_1_384' title='bbox 680 4318 794 4386; x_wconf 87' lang='lat' dir='ltr'>posteris</span> <span class='ocrx_word' id='word_1_385' title='bbox 820 4317 994 4385; x_wconf 77' lang='lat' dir='ltr'>Eurysthenis</span> <span class='ocrx_word' id='word_1_386' title='bbox 1027 4317 1202 4386; x_wconf 71' lang='grc'>(1111444411-</span> 
     </span>
    </p>

    <p class='ocr_par' dir='ltr' id='par_1_20' title="bbox 283 4385 1201 4471">
     <span class='ocr_line' id='line_1_52' title="bbox 283 4385 1201 4471; baseline 0.002 -32"><span class='ocrx_word' id='word_1_387' title='bbox 283 4387 347 4471; x_wconf 77' lang='lat' dir='ltr'>dae)</span> <span class='ocrx_word' id='word_1_388' title='bbox 370 4391 397 4440; x_wconf 90' lang='lat' dir='ltr'>et</span> <span class='ocrx_word' id='word_1_389' title='bbox 418 4387 519 4442; x_wconf 85' lang='lat' dir='ltr'>Proelia</span> <span class='ocrx_word' id='word_1_390' title='bbox 538 4385 655 4457; x_wconf 85' lang='lat' dir='ltr'>(Agidae</span> <span class='ocrx_word' id='word_1_391' title='bbox 679 4385 831 4453; x_wconf 84' lang='lat' dir='ltr'>vocantur),</span> <span class='ocrx_word' id='word_1_392' title='bbox 855 4388 1024 4442; x_wconf 88' lang='grc'>41144111414</span> <span class='ocrx_word' id='word_1_393' title='bbox 1047 4392 1141 4441; x_wconf 89' lang='grc'>444414</span> <span class='ocrx_word' id='word_1_394' title='bbox 1166 4387 1201 4441; x_wconf 74' lang='grc'>28</span> 
     </span>
    </p>

    <p class='ocr_par' dir='ltr' id='par_1_21' title="bbox 281 4473 404 4512">
     <span class='ocr_line' id='line_1_53' title="bbox 281 4473 404 4512; baseline 0 0"><span class='ocrx_word' id='word_1_395' title='bbox 281 4473 404 4512; x_wconf 66' lang='lat' dir='ltr'>errorum·</span> 
     </span>
    </p>
   </div>
   <div class='ocr_carea' id='block_1_9' title="bbox 0 0 1536 5064">
    <p class='ocr_par' dir='ltr' id='par_1_22' title="bbox 0 0 1536 5064">
     <span class='ocr_line' id='line_1_54' title="bbox 0 0 1536 5064; baseline 0 1"><span class='ocrx_word' id='word_1_396' title='bbox 0 0 1536 5064; x_wconf 95' lang='lat' dir='ltr'> </span> 
     </span>
    </p>
   </div>
  </div>
 </body>
</html>
