<?xml version="1.0" encoding="UTF-8"?>
<!DOCTYPE html PUBLIC "-//W3C//DTD XHTML 1.0 Transitional//EN"
    "http://www.w3.org/TR/xhtml1/DTD/xhtml1-transitional.dtd">
<html xmlns="http://www.w3.org/1999/xhtml" xml:lang="en" lang="en">
 <head>
  <title>
</title>
<meta http-equiv="Content-Type" content="text/html;charset=utf-8" />
  <meta name='ocr-system' content='tesseract 3.04.00' />
  <meta name='ocr-capabilities' content='ocr_page ocr_carea ocr_par ocr_line ocrx_word'/>
</head>
<body>
  <div class='ocr_page' id='page_1' title='image "annalesveterumr01zumpgoog_0046.png"; bbox 0 0 3062 5064; ppageno 0'>
   <div class='ocr_carea' id='block_1_1' title="bbox 471 419 1291 495">
    <p class='ocr_par' dir='ltr' id='par_1_1' title="bbox 471 419 1291 495">
     <span class='ocr_line' id='line_1_1' title="bbox 471 419 1291 495; baseline 0.002 -25"><span class='ocrx_word' id='word_1_1' title='bbox 471 492 474 495; x_wconf 22' lang='grc' dir='ltr'>Ι</span> <span class='ocrx_word' id='word_1_2' title='bbox 579 419 726 482; x_wconf 74' lang='lat' dir='ltr'><strong>Graecorum</strong></span> <span class='ocrx_word' id='word_1_3' title='bbox 743 420 850 471; x_wconf 80' lang='lat' dir='ltr'><strong>fabulas.</strong></span> <span class='ocrx_word' id='word_1_4' title='bbox 1130 419 1132 423; x_wconf 69' lang='grc'><strong>’</strong></span> <span class='ocrx_word' id='word_1_5' title='bbox 1259 428 1291 483; x_wconf 80' lang='grc'><strong>17</strong></span> 
     </span>
    </p>
   </div>
   <div class='ocr_carea' id='block_1_2' title="bbox 60 603 1292 2604">
    <p class='ocr_par' dir='ltr' id='par_1_2' title="bbox 1170 603 1292 644">
     <span class='ocr_line' id='line_1_2' title="bbox 1170 603 1292 644; baseline 0.008 -1"><span class='ocrx_word' id='word_1_6' title='bbox 1170 614 1188 643; x_wconf 77' lang='grc' dir='ltr'>ι</span> <span class='ocrx_word' id='word_1_7' title='bbox 1204 603 1255 643; x_wconf 81' lang='lat' dir='ltr'><strong>cur.</strong></span> <span class='ocrx_word' id='word_1_8' title='bbox 1269 616 1292 644; x_wconf 89' lang='lat' dir='ltr'><strong>u.</strong></span> 
     </span>
    </p>

    <p class='ocr_par' dir='ltr' id='par_1_3' title="bbox 131 646 1142 1136">
     <span class='ocr_line' id='line_1_3' title="bbox 131 646 1140 721; baseline 0.006 -20"><span class='ocrx_word' id='word_1_9' title='bbox 131 646 271 712; x_wconf 76' lang='lat' dir='ltr'><strong>Helenam,</strong></span> <span class='ocrx_word' id='word_1_10' title='bbox 294 647 407 700; x_wconf 82' lang='lat' dir='ltr'><strong>Menelai</strong></span> <span class='ocrx_word' id='word_1_11' title='bbox 424 662 541 713; x_wconf 85' lang='lat' dir='ltr'><strong>uxorem,</strong></span> <span class='ocrx_word' id='word_1_12' title='bbox 564 649 647 714; x_wconf 88' lang='lat' dir='ltr'><strong>Paris,</strong></span> <span class='ocrx_word' id='word_1_13' title='bbox 672 649 769 704; x_wconf 79' lang='lat' dir='ltr'><strong>Priami</strong></span> <span class='ocrx_word' id='word_1_14' title='bbox 788 652 896 705; x_wconf 85' lang='lat' dir='ltr'><strong>Troiani</strong></span> <span class='ocrx_word' id='word_1_15' title='bbox 911 653 982 721; x_wconf 85' lang='lat' dir='ltr'><strong>regis</strong></span> <span class='ocrx_word' id='word_1_16' title='bbox 999 652 1079 718; x_wconf 85' lang='lat' dir='ltr'><strong>filius,</strong></span> <span class='ocrx_word' id='word_1_17' title='bbox 1100 671 1140 707; x_wconf 91' lang='lat' dir='ltr'><strong>ra-</strong></span> 
     </span>
     <span class='ocr_line' id='line_1_4' title="bbox 166 714 1140 790; baseline 0.006 -18"><span class='ocrx_word' id='word_1_18' title='bbox 166 716 260 787; x_wconf 78' lang='lat' dir='ltr'>puisse</span> <span class='ocrx_word' id='word_1_19' title='bbox 280 714 384 783; x_wconf 90' lang='lat' dir='ltr'><strong>dicitur,</strong></span> <span class='ocrx_word' id='word_1_20' title='bbox 403 733 485 786; x_wconf 88' lang='lat' dir='ltr'><strong>eaque</strong></span> <span class='ocrx_word' id='word_1_21' title='bbox 503 717 584 772; x_wconf 87' lang='lat' dir='ltr'><strong>fuisse</strong></span> <span class='ocrx_word' id='word_1_22' title='bbox 603 736 684 773; x_wconf 91' lang='lat' dir='ltr'><strong>causa</strong></span> <span class='ocrx_word' id='word_1_23' title='bbox 701 723 760 773; x_wconf 79' lang='lat' dir='ltr'><strong>helii</strong></span> <span class='ocrx_word' id='word_1_24' title='bbox 774 722 884 787; x_wconf 79' lang='lat' dir='ltr'><strong>Troiani,</strong></span> <span class='ocrx_word' id='word_1_25' title='bbox 903 724 935 777; x_wconf 91' lang='lat' dir='ltr'><strong>ab</strong></span> <span class='ocrx_word' id='word_1_26' title='bbox 948 725 1068 778; x_wconf 89' lang='lat' dir='ltr'><strong>omuibus</strong></span> <span class='ocrx_word' id='word_1_27' title='bbox 1081 723 1140 790; x_wconf 75' lang='lat'><strong>(29)</strong></span> 
     </span>
     <span class='ocr_line' id='line_1_5' title="bbox 168 787 1140 859; baseline 0.007 -18"><span class='ocrx_word' id='word_1_28' title='bbox 168 790 276 858; x_wconf 91' lang='lat' dir='ltr'><strong>populis</strong></span> <span class='ocrx_word' id='word_1_29' title='bbox 295 787 412 858; x_wconf 90' lang='lat' dir='ltr'><strong>(praeter</strong></span> <span class='ocrx_word' id='word_1_30' title='bbox 423 789 575 844; x_wconf 78' lang='lat' dir='ltr'><strong>Acarnanes</strong></span> <span class='ocrx_word' id='word_1_31' title='bbox 594 795 621 843; x_wconf 86' lang='lat' dir='ltr'><strong>et</strong></span> <span class='ocrx_word' id='word_1_32' title='bbox 633 792 774 845; x_wconf 79' lang='lat' dir='ltr'><strong>Dorienses</strong></span> <span class='ocrx_word' id='word_1_33' title='bbox 792 794 821 845; x_wconf 90' lang='lat' dir='ltr'><strong>in</strong></span> <span class='ocrx_word' id='word_1_34' title='bbox 836 798 924 846; x_wconf 89' lang='lat' dir='ltr'><strong>monte</strong></span> <span class='ocrx_word' id='word_1_35' title='bbox 937 794 1078 859; x_wconf 79' lang='lat' dir='ltr'><strong>Parnasso)</strong></span> <span class='ocrx_word' id='word_1_36' title='bbox 1096 811 1140 848; x_wconf 91' lang='lat' dir='ltr'><strong>au-</strong></span> 
     </span>
     <span class='ocr_line' id='line_1_6' title="bbox 167 856 1139 931; baseline 0.007 -20"><span class='ocrx_word' id='word_1_37' title='bbox 167 861 261 927; x_wconf 89' lang='lat' dir='ltr'><strong>spiciis</strong></span> <span class='ocrx_word' id='word_1_38' title='bbox 280 861 469 927; x_wconf 81' lang='lat' dir='ltr'><strong>Apamemaoaia</strong></span> <span class='ocrx_word' id='word_1_39' title='bbox 491 856 568 928; x_wconf 81' lang='lat' dir='ltr'><strong>gesti.</strong></span> <span class='ocrx_word' id='word_1_40' title='bbox 609 859 699 924; x_wconf 93' lang='lat' dir='ltr'><strong>(Hom.</strong></span> <span class='ocrx_word' id='word_1_41' title='bbox 717 864 746 915; x_wconf 91' lang='lat' dir='ltr'><strong>in</strong></span> <span class='ocrx_word' id='word_1_42' title='bbox 764 864 883 931; x_wconf 87' lang='lat' dir='ltr'><strong>catalogo</strong></span> <span class='ocrx_word' id='word_1_43' title='bbox 904 863 972 918; x_wconf 81' lang='grc'><strong>1186</strong></span> <span class='ocrx_word' id='word_1_44' title='bbox 995 881 1139 918; x_wconf 81' lang='grc'><strong>11111111-</strong></span> 
     </span>
     <span class='ocr_line' id='line_1_7' title="bbox 171 931 1140 1001; baseline 0.007 -19"><span class='ocrx_word' id='word_1_45' title='bbox 171 934 269 994; x_wconf 88' lang='lat' dir='ltr'><strong>merat,</strong></span> <span class='ocrx_word' id='word_1_46' title='bbox 294 946 402 997; x_wconf 91' lang='lat' dir='ltr'><strong>quarum</strong></span> <span class='ocrx_word' id='word_1_47' title='bbox 424 931 565 983; x_wconf 89' lang='lat' dir='ltr'><strong>Boeotioae</strong></span> <span class='ocrx_word' id='word_1_48' title='bbox 591 931 642 986; x_wconf 80' lang='lat'><strong>120</strong></span> <span class='ocrx_word' id='word_1_49' title='bbox 664 933 746 999; x_wconf 86' lang='lat' dir='ltr'><strong>viros,</strong></span> <span class='ocrx_word' id='word_1_50' title='bbox 773 934 928 988; x_wconf 90' lang='lat' dir='ltr'><strong>Philoctetis</strong></span> <span class='ocrx_word' id='word_1_51' title='bbox 952 935 987 988; x_wconf 86' lang='grc'><strong>60</strong></span> <span class='ocrx_word' id='word_1_52' title='bbox 1008 937 1140 1001; x_wconf 87' lang='lat' dir='ltr'><strong>tenebant,</strong></span> 
     </span>
     <span class='ocr_line' id='line_1_8' title="bbox 166 1000 1142 1076; baseline 0.008 -24"><span class='ocrx_word' id='word_1_53' title='bbox 166 1001 237 1052; x_wconf 90' lang='lat' dir='ltr'><strong>unde</strong></span> <span class='ocrx_word' id='word_1_54' title='bbox 255 1001 423 1068; x_wconf 81' lang='lat' dir='ltr'><strong>Thucydides</strong></span> <span class='ocrx_word' id='word_1_55' title='bbox 442 1000 527 1068; x_wconf 87' lang='lat' dir='ltr'><strong>medio</strong></span> <span class='ocrx_word' id='word_1_56' title='bbox 546 1018 653 1056; x_wconf 90' lang='lat' dir='ltr'><strong>numero</strong></span> <span class='ocrx_word' id='word_1_57' title='bbox 672 1005 750 1056; x_wconf 91' lang='lat' dir='ltr'><strong>ducto</strong></span> <span class='ocrx_word' id='word_1_58' title='bbox 769 1020 896 1058; x_wconf 89' lang='lat' dir='ltr'><strong>summam</strong></span> <span class='ocrx_word' id='word_1_59' title='bbox 914 1006 1046 1059; x_wconf 84' lang='lat' dir='ltr'><strong>exercitus</strong></span> <span class='ocrx_word' id='word_1_60' title='bbox 1065 1010 1142 1076; x_wconf 91' lang='lat' dir='ltr'><strong>putat</strong></span> 
     </span>
     <span class='ocr_line' id='line_1_9' title="bbox 167 1070 1048 1136; baseline 0.003 -14"><span class='ocrx_word' id='word_1_61' title='bbox 167 1070 252 1123; x_wconf 88' lang='lat' dir='ltr'><strong>fuisse</strong></span> <span class='ocrx_word' id='word_1_62' title='bbox 273 1071 388 1136; x_wconf 68' lang='lat' dir='ltr'><strong>lunone</strong></span> <span class='ocrx_word' id='word_1_63' title='bbox 405 1070 556 1134; x_wconf 86' lang='lat' dir='ltr'><strong>hominum.)</strong></span> <span class='ocrx_word' id='word_1_64' title='bbox 1044 1120 1048 1125; x_wconf 89' lang='lat'><em>.</em></span> 
     </span>
    </p>

    <p class='ocr_par' dir='ltr' id='par_1_4' title="bbox 135 1140 1141 1421">
     <span class='ocr_line' id='line_1_10' title="bbox 135 1140 1141 1212; baseline 0.009 -21"><span class='ocrx_word' id='word_1_65' title='bbox 135 1140 215 1193; x_wconf 87' lang='lat' dir='ltr'><strong>Troia</strong></span> <span class='ocrx_word' id='word_1_66' title='bbox 235 1141 382 1197; x_wconf 85' lang='lat' dir='ltr'><strong>defenditur</strong></span> <span class='ocrx_word' id='word_1_67' title='bbox 399 1145 503 1209; x_wconf 90' lang='lat' dir='ltr'><strong>praeter</strong></span> <span class='ocrx_word' id='word_1_68' title='bbox 520 1141 656 1196; x_wconf 88' lang='lat' dir='ltr'><strong>Dardanos</strong></span> <span class='ocrx_word' id='word_1_69' title='bbox 674 1143 774 1196; x_wconf 85' lang='lat' dir='ltr'><strong>vicinos</strong></span> <span class='ocrx_word' id='word_1_70' title='bbox 793 1145 903 1212; x_wconf 86' lang='lat' dir='ltr'><strong>(quibus</strong></span> <span class='ocrx_word' id='word_1_71' title='bbox 921 1143 1025 1201; x_wconf 82' lang='lat' dir='ltr'><strong>Aeneas</strong></span> <span class='ocrx_word' id='word_1_72' title='bbox 1043 1146 1141 1200; x_wconf 78' lang='grc'><strong>11111-</strong></span> 
     </span>
     <span class='ocr_line' id='line_1_11' title="bbox 167 1209 1139 1280; baseline 0.007 -17"><span class='ocrx_word' id='word_1_73' title='bbox 167 1211 304 1264; x_wconf 88' lang='lat' dir='ltr'><strong>tenoridae</strong></span> <span class='ocrx_word' id='word_1_74' title='bbox 323 1209 457 1280; x_wconf 90' lang='lat' dir='ltr'><strong>praesunt)</strong></span> <span class='ocrx_word' id='word_1_75' title='bbox 476 1228 491 1263; x_wconf 93' lang='lat' dir='ltr'><strong>a</strong></span> <span class='ocrx_word' id='word_1_76' title='bbox 509 1212 662 1278; x_wconf 90' lang='lat' dir='ltr'><strong>Thracibus,</strong></span> <span class='ocrx_word' id='word_1_77' title='bbox 685 1213 826 1268; x_wconf 86' lang='lat' dir='ltr'><strong>Ciconibus</strong></span> <span class='ocrx_word' id='word_1_78' title='bbox 846 1219 874 1268; x_wconf 90' lang='lat' dir='ltr'><strong>et</strong></span> <span class='ocrx_word' id='word_1_79' title='bbox 890 1216 1038 1271; x_wconf 85' lang='lat' dir='ltr'><strong>Paeonibus</strong></span> <span class='ocrx_word' id='word_1_80' title='bbox 1057 1217 1139 1270; x_wconf 86' lang='lat' dir='ltr'><strong>Euro-</strong></span> 
     </span>
     <span class='ocr_line' id='line_1_12' title="bbox 168 1282 1139 1354; baseline 0.009 -21"><span class='ocrx_word' id='word_1_81' title='bbox 168 1283 258 1350; x_wconf 87' lang='lat' dir='ltr'><strong>paeis,</strong></span> <span class='ocrx_word' id='word_1_82' title='bbox 283 1282 508 1350; x_wconf 88' lang='lat' dir='ltr'><strong>Paphlagonibus‚</strong></span> <span class='ocrx_word' id='word_1_83' title='bbox 531 1282 627 1352; x_wconf 90' lang='lat' dir='ltr'><strong>Mysis,</strong></span> <span class='ocrx_word' id='word_1_84' title='bbox 645 1285 807 1354; x_wconf 76' lang='lat' dir='ltr'><strong>Phrygibus,</strong></span> <span class='ocrx_word' id='word_1_85' title='bbox 830 1287 995 1353; x_wconf 88' lang='lat' dir='ltr'><strong>Maeouibus,</strong></span> <span class='ocrx_word' id='word_1_86' title='bbox 1020 1287 1139 1354; x_wconf 77' lang='lat' dir='ltr'><strong>Caribus,</strong></span> 
     </span>
     <span class='ocr_line' id='line_1_13' title="bbox 166 1352 542 1421; baseline 0.003 -17"><span class='ocrx_word' id='word_1_87' title='bbox 166 1352 268 1421; x_wconf 74' lang='lat' dir='ltr'><strong>Lyciis,</strong></span> <span class='ocrx_word' id='word_1_88' title='bbox 288 1354 409 1420; x_wconf 87' lang='lat' dir='ltr'><strong>gentibus</strong></span> <span class='ocrx_word' id='word_1_89' title='bbox 428 1353 542 1405; x_wconf 84' lang='lat' dir='ltr'><strong>Asianis.</strong></span> 
     </span>
    </p>

    <p class='ocr_par' dir='ltr' id='par_1_5' title="bbox 134 1421 1273 1640">
     <span class='ocr_line' id='line_1_14' title="bbox 134 1421 1138 1495; baseline 0.009 -21"><span class='ocrx_word' id='word_1_90' title='bbox 134 1422 200 1475; x_wconf 91' lang='lat' dir='ltr'><strong>Post</strong></span> <span class='ocrx_word' id='word_1_91' title='bbox 218 1423 310 1475; x_wconf 91' lang='lat' dir='ltr'><strong>decem</strong></span> <span class='ocrx_word' id='word_1_92' title='bbox 328 1437 410 1475; x_wconf 90' lang='lat' dir='ltr'><strong>annos</strong></span> <span class='ocrx_word' id='word_1_93' title='bbox 424 1423 504 1475; x_wconf 87' lang='lat' dir='ltr'><strong>Troia</strong></span> <span class='ocrx_word' id='word_1_94' title='bbox 522 1424 622 1492; x_wconf 91' lang='lat' dir='ltr'><strong>capitur</strong></span> <span class='ocrx_word' id='word_1_95' title='bbox 639 1421 717 1492; x_wconf 88' lang='lat' dir='ltr'><strong>(equo</strong></span> <span class='ocrx_word' id='word_1_96' title='bbox 735 1425 824 1494; x_wconf 86' lang='lat' dir='ltr'><strong>ligneo</strong></span> <span class='ocrx_word' id='word_1_97' title='bbox 836 1426 911 1494; x_wconf 85' lang='lat' dir='ltr'><strong>Epei,</strong></span> <span class='ocrx_word' id='word_1_98' title='bbox 930 1430 976 1480; x_wconf 92' lang='lat' dir='ltr'><strong>aut</strong></span> <span class='ocrx_word' id='word_1_99' title='bbox 992 1429 1138 1495; x_wconf 90' lang='lat' dir='ltr'><strong>proditione</strong></span> 
     </span>
     <span class='ocr_line' id='line_1_15' title="bbox 167 1492 1137 1559; baseline 0.008 -14"><span class='ocrx_word' id='word_1_100' title='bbox 167 1492 397 1555; x_wconf 87' lang='lat' dir='ltr'><strong>Antenoridarum)</strong></span> <span class='ocrx_word' id='word_1_101' title='bbox 416 1509 446 1546; x_wconf 91' lang='lat' dir='ltr'><strong>ac</strong></span> <span class='ocrx_word' id='word_1_102' title='bbox 465 1493 573 1559; x_wconf 90' lang='lat' dir='ltr'><strong>deletur,</strong></span> <span class='ocrx_word' id='word_1_103' title='bbox 592 1495 735 1548; x_wconf 85' lang='lat' dir='ltr'><strong>secuudum</strong></span> <span class='ocrx_word' id='word_1_104' title='bbox 747 1496 928 1549; x_wconf 81' lang='lat' dir='ltr'><strong>Eratosthenis</strong></span> <span class='ocrx_word' id='word_1_105' title='bbox 945 1499 1073 1552; x_wconf 87' lang='lat' dir='ltr'><strong>rationem</strong></span> <span class='ocrx_word' id='word_1_106' title='bbox 1084 1500 1137 1554; x_wconf 83' lang='lat'><strong>408</strong></span> 
     </span>
     <span class='ocr_line' id='line_1_16' title="bbox 170 1564 1273 1640; baseline 0.01 -24"><span class='ocrx_word' id='word_1_107' title='bbox 170 1565 247 1617; x_wconf 90' lang='lat' dir='ltr'><strong>aunis</strong></span> <span class='ocrx_word' id='word_1_108' title='bbox 264 1580 345 1633; x_wconf 91' lang='lat' dir='ltr'><strong>prope</strong></span> <span class='ocrx_word' id='word_1_109' title='bbox 365 1564 491 1617; x_wconf 83' lang='lat' dir='ltr'><strong>absolutis</strong></span> <span class='ocrx_word' id='word_1_110' title='bbox 510 1568 570 1617; x_wconf 89' lang='lat' dir='ltr'><strong>ante</strong></span> <span class='ocrx_word' id='word_1_111' title='bbox 589 1564 690 1634; x_wconf 90' lang='lat' dir='ltr'><strong>Olymp.</strong></span> <span class='ocrx_word' id='word_1_112' title='bbox 710 1566 731 1630; x_wconf 91' lang='grc' dir='ltr'><strong>Ι,</strong></span> <span class='ocrx_word' id='word_1_113' title='bbox 752 1567 775 1631; x_wconf 93' lang='grc'><strong>1,</strong></span> <span class='ocrx_word' id='word_1_114' title='bbox 793 1568 810 1618; x_wconf 88' lang='grc'><strong>1.</strong></span> <span class='ocrx_word' id='word_1_115' title='bbox 830 1582 853 1619; x_wconf 89' lang='grc'><strong>1.</strong></span> <span class='ocrx_word' id='word_1_116' title='bbox 872 1571 938 1620; x_wconf 80' lang='lat' dir='ltr'><strong>extr.</strong></span> <span class='ocrx_word' id='word_1_117' title='bbox 957 1585 1017 1621; x_wconf 83' lang='lat' dir='ltr'><strong>uero</strong></span> <span class='ocrx_word' id='word_1_118' title='bbox 1172 1574 1273 1640; x_wconf 78' lang='lat'><strong>(1184)</strong></span> 
     </span>
    </p>

    <p class='ocr_par' dir='ltr' id='par_1_6' title="bbox 135 1632 1140 1911">
     <span class='ocr_line' id='line_1_17' title="bbox 135 1632 1135 1708; baseline 0.007 -23"><span class='ocrx_word' id='word_1_119' title='bbox 135 1632 271 1686; x_wconf 81' lang='lat' dir='ltr'><strong>Victorum</strong></span> <span class='ocrx_word' id='word_1_120' title='bbox 289 1635 367 1703; x_wconf 91' lang='lat' dir='ltr'><strong>pauci</strong></span> <span class='ocrx_word' id='word_1_121' title='bbox 384 1633 498 1700; x_wconf 86' lang='lat' dir='ltr'><strong>(Nestor,</strong></span> <span class='ocrx_word' id='word_1_122' title='bbox 517 1635 681 1700; x_wconf 86' lang='lat' dir='ltr'><strong>Idomeneus,</strong></span> <span class='ocrx_word' id='word_1_123' title='bbox 700 1637 869 1700; x_wconf 81' lang='lat' dir='ltr'><strong>Philoctetes)</strong></span> <span class='ocrx_word' id='word_1_124' title='bbox 888 1639 959 1690; x_wconf 87' lang='lat' dir='ltr'><strong>felici</strong></span> <span class='ocrx_word' id='word_1_125' title='bbox 976 1641 1060 1692; x_wconf 90' lang='lat' dir='ltr'><strong>reditu</strong></span> <span class='ocrx_word' id='word_1_126' title='bbox 1073 1656 1135 1708; x_wconf 91' lang='lat' dir='ltr'><strong>gau-</strong></span> 
     </span>
     <span class='ocr_line' id='line_1_18' title="bbox 173 1704 1140 1774; baseline 0.007 -18"><span class='ocrx_word' id='word_1_127' title='bbox 173 1705 273 1757; x_wconf 90' lang='lat' dir='ltr'><strong>debant.</strong></span> <span class='ocrx_word' id='word_1_128' title='bbox 312 1704 467 1757; x_wconf 81' lang='lat' dir='ltr'><strong>Occiderant</strong></span> <span class='ocrx_word' id='word_1_129' title='bbox 484 1705 654 1771; x_wconf 86' lang='lat' dir='ltr'><strong>Protesilaus,</strong></span> <span class='ocrx_word' id='word_1_130' title='bbox 677 1706 803 1771; x_wconf 90' lang='lat' dir='ltr'><strong>Achilles,</strong></span> <span class='ocrx_word' id='word_1_131' title='bbox 821 1708 890 1760; x_wconf 82' lang='lat' dir='ltr'><strong>Aiax</strong></span> <span class='ocrx_word' id='word_1_132' title='bbox 909 1708 1090 1774; x_wconf 60' lang='lat' dir='ltr'><strong>Telamonium</strong></span> <span class='ocrx_word' id='word_1_133' title='bbox 1111 1712 1140 1762; x_wconf 90' lang='lat' dir='ltr'><strong>iu</strong></span> 
     </span>
     <span class='ocr_line' id='line_1_19' title="bbox 172 1774 1140 1846; baseline 0.007 -20"><span class='ocrx_word' id='word_1_134' title='bbox 172 1775 257 1827; x_wconf 85' lang='lat' dir='ltr'><strong>redito</strong></span> <span class='ocrx_word' id='word_1_135' title='bbox 280 1776 349 1844; x_wconf 90' lang='lat' dir='ltr'><strong>perit</strong></span> <span class='ocrx_word' id='word_1_136' title='bbox 365 1774 434 1828; x_wconf 85' lang='lat' dir='ltr'><strong>Aiax</strong></span> <span class='ocrx_word' id='word_1_137' title='bbox 453 1774 521 1828; x_wconf 88' lang='lat' dir='ltr'><strong>Oilei</strong></span> <span class='ocrx_word' id='word_1_138' title='bbox 538 1777 557 1828; x_wconf 81' lang='lat' dir='ltr'><strong>f.</strong></span> <span class='ocrx_word' id='word_1_139' title='bbox 575 1776 727 1841; x_wconf 88' lang='lat' dir='ltr'><strong>Locrensis,</strong></span> <span class='ocrx_word' id='word_1_140' title='bbox 751 1776 932 1846; x_wconf 81' lang='lat' dir='ltr'><strong>Agamemnon</strong></span> <span class='ocrx_word' id='word_1_141' title='bbox 955 1779 1025 1832; x_wconf 91' lang='lat' dir='ltr'><strong>domi</strong></span> <span class='ocrx_word' id='word_1_142' title='bbox 1042 1780 1140 1832; x_wconf 80' lang='lat' dir='ltr'><strong>interfi-</strong></span> 
     </span>
     <span class='ocr_line' id='line_1_20' title="bbox 169 1845 1042 1911; baseline 0.007 -15"><span class='ocrx_word' id='word_1_143' title='bbox 169 1845 245 1898; x_wconf 90' lang='lat' dir='ltr'><strong>citur.</strong></span> <span class='ocrx_word' id='word_1_144' title='bbox 281 1846 414 1899; x_wconf 87' lang='lat' dir='ltr'><strong>Menelaus</strong></span> <span class='ocrx_word' id='word_1_145' title='bbox 433 1850 534 1911; x_wconf 84' lang='lat' dir='ltr'><strong>octavo,</strong></span> <span class='ocrx_word' id='word_1_146' title='bbox 554 1847 646 1900; x_wconf 78' lang='lat' dir='ltr'><strong>Ulixes</strong></span> <span class='ocrx_word' id='word_1_147' title='bbox 665 1847 766 1899; x_wconf 91' lang='lat' dir='ltr'><strong>decimo</strong></span> <span class='ocrx_word' id='word_1_148' title='bbox 785 1864 853 1900; x_wconf 91' lang='lat' dir='ltr'><strong>anno</strong></span> <span class='ocrx_word' id='word_1_149' title='bbox 871 1852 1042 1903; x_wconf 82' lang='lat' dir='ltr'><strong>reverterunt.</strong></span> 
     </span>
    </p>

    <p class='ocr_par' dir='ltr' id='par_1_7' title="bbox 132 1913 1139 2126">
     <span class='ocr_line' id='line_1_21' title="bbox 132 1913 1139 1987; baseline 0.007 -19"><span class='ocrx_word' id='word_1_150' title='bbox 132 1913 188 1968; x_wconf 88' lang='lat' dir='ltr'><strong>Alii</strong></span> <span class='ocrx_word' id='word_1_151' title='bbox 206 1932 264 1968; x_wconf 93' lang='lat' dir='ltr'><strong>cum</strong></span> <span class='ocrx_word' id='word_1_152' title='bbox 288 1932 331 1970; x_wconf 89' lang='lat' dir='ltr'><strong>res</strong></span> <span class='ocrx_word' id='word_1_153' title='bbox 355 1917 425 1969; x_wconf 92' lang='lat' dir='ltr'><strong>domi</strong></span> <span class='ocrx_word' id='word_1_154' title='bbox 447 1918 564 1970; x_wconf 86' lang='lat' dir='ltr'><strong>turbatas</strong></span> <span class='ocrx_word' id='word_1_155' title='bbox 588 1918 763 1978; x_wconf 83' lang='lat' dir='ltr'><strong>invenissent,</strong></span> <span class='ocrx_word' id='word_1_156' title='bbox 786 1918 879 1972; x_wconf 88' lang='lat' dir='ltr'><strong>relicta</strong></span> <span class='ocrx_word' id='word_1_157' title='bbox 901 1921 998 1987; x_wconf 89' lang='lat' dir='ltr'><strong>patria,</strong></span> <span class='ocrx_word' id='word_1_158' title='bbox 1022 1922 1139 1975; x_wconf 86' lang='lat' dir='ltr'><strong>colonias</strong></span> 
     </span>
     <span class='ocr_line' id='line_1_22' title="bbox 170 1987 1139 2060; baseline 0.007 -22"><span class='ocrx_word' id='word_1_159' title='bbox 170 1987 298 2039; x_wconf 81' lang='lat' dir='ltr'><strong>condunt:</strong></span> <span class='ocrx_word' id='word_1_160' title='bbox 316 1989 456 2052; x_wconf 78' lang='lat' dir='ltr'><strong>Diomedes,</strong></span> <span class='ocrx_word' id='word_1_161' title='bbox 475 1988 599 2056; x_wconf 82' lang='lat' dir='ltr'><strong>Argivus,</strong></span> <span class='ocrx_word' id='word_1_162' title='bbox 622 1990 650 2040; x_wconf 89' lang='lat' dir='ltr'><strong>in</strong></span> <span class='ocrx_word' id='word_1_163' title='bbox 667 1989 770 2041; x_wconf 89' lang='lat' dir='ltr'><strong>ltaliam</strong></span> <span class='ocrx_word' id='word_1_164' title='bbox 788 1992 965 2044; x_wconf 87' lang='lat' dir='ltr'><strong>transmisisse</strong></span> <span class='ocrx_word' id='word_1_165' title='bbox 984 1996 1011 2044; x_wconf 90' lang='lat' dir='ltr'><strong>et</strong></span> <span class='ocrx_word' id='word_1_166' title='bbox 1027 1992 1139 2060; x_wconf 86' lang='lat' dir='ltr'><strong>Apuliae</strong></span> 
     </span>
     <span class='ocr_line' id='line_1_23' title="bbox 166 2056 987 2126; baseline 0.005 -17"><span class='ocrx_word' id='word_1_167' title='bbox 166 2058 247 2110; x_wconf 89' lang='lat' dir='ltr'><strong>urbes</strong></span> <span class='ocrx_word' id='word_1_168' title='bbox 267 2058 404 2111; x_wconf 90' lang='lat' dir='ltr'><strong>nonnullas</strong></span> <span class='ocrx_word' id='word_1_169' title='bbox 423 2056 533 2126; x_wconf 87' lang='lat' dir='ltr'><strong>(Arpos,</strong></span> <span class='ocrx_word' id='word_1_170' title='bbox 553 2058 710 2122; x_wconf 80' lang='lat' dir='ltr'><strong>Genusium)</strong></span> <span class='ocrx_word' id='word_1_171' title='bbox 729 2061 879 2117; x_wconf 88' lang='lat' dir='ltr'><strong>condidisse</strong></span> <span class='ocrx_word' id='word_1_172' title='bbox 897 2061 987 2114; x_wconf 82' lang='grc'><strong>1111111.</strong></span> 
     </span>
    </p>

    <p class='ocr_par' dir='ltr' id='par_1_8' title="bbox 134 2127 1139 2202">
     <span class='ocr_line' id='line_1_24' title="bbox 134 2127 1139 2202; baseline 0.01 -25"><span class='ocrx_word' id='word_1_173' title='bbox 134 2127 236 2193; x_wconf 84' lang='lat' dir='ltr'><strong>Teucer,</strong></span> <span class='ocrx_word' id='word_1_174' title='bbox 255 2128 387 2181; x_wconf 79' lang='lat' dir='ltr'><strong>Salamine</strong></span> <span class='ocrx_word' id='word_1_175' title='bbox 406 2130 540 2196; x_wconf 80' lang='lat' dir='ltr'><strong>expulsus,</strong></span> <span class='ocrx_word' id='word_1_176' title='bbox 560 2129 675 2197; x_wconf 79' lang='lat' dir='ltr'><strong>Cyprum</strong></span> <span class='ocrx_word' id='word_1_177' title='bbox 693 2131 806 2184; x_wconf 91' lang='lat' dir='ltr'><strong>insulam</strong></span> <span class='ocrx_word' id='word_1_178' title='bbox 823 2133 924 2200; x_wconf 88' lang='lat' dir='ltr'><strong>petivit,</strong></span> <span class='ocrx_word' id='word_1_179' title='bbox 948 2134 975 2185; x_wconf 95' lang='grc'><strong>11</strong></span> <span class='ocrx_word' id='word_1_180' title='bbox 993 2149 1075 2202; x_wconf 89' lang='lat' dir='ltr'><strong>eaque</strong></span> <span class='ocrx_word' id='word_1_181' title='bbox 1093 2148 1139 2187; x_wconf 90' lang='lat' dir='ltr'><strong>uo·</strong></span> 
     </span>
    </p>

    <p class='ocr_par' dir='ltr' id='par_1_9' title="bbox 65 2198 1138 2273">
     <span class='ocr_line' id='line_1_25' title="bbox 65 2198 1138 2273; baseline 0.007 -24"><span class='ocrx_word' id='word_1_182' title='bbox 65 2257 70 2265; x_wconf 41' lang='grc'><strong>,</strong></span> <span class='ocrx_word' id='word_1_183' title='bbox 166 2215 227 2250; x_wconf 85' lang='lat' dir='ltr'><strong>vam</strong></span> <span class='ocrx_word' id='word_1_184' title='bbox 246 2198 404 2252; x_wconf 84' lang='lat' dir='ltr'><strong>Salaminem</strong></span> <span class='ocrx_word' id='word_1_185' title='bbox 427 2200 555 2252; x_wconf 81' lang='lat' dir='ltr'><strong>condidit:</strong></span> <span class='ocrx_word' id='word_1_186' title='bbox 581 2205 693 2268; x_wconf 90' lang='lat' dir='ltr'><strong>regnant</strong></span> <span class='ocrx_word' id='word_1_187' title='bbox 711 2202 855 2255; x_wconf 89' lang='lat' dir='ltr'><strong>Teucridae</strong></span> <span class='ocrx_word' id='word_1_188' title='bbox 878 2218 960 2270; x_wconf 86' lang='lat' dir='ltr'><strong>usque</strong></span> <span class='ocrx_word' id='word_1_189' title='bbox 984 2203 1138 2273; x_wconf 63' lang='grc'><strong>1111111110-</strong></span> 
     </span>
    </p>

    <p class='ocr_par' dir='ltr' id='par_1_10' title="bbox 164 2269 1244 2343">
     <span class='ocr_line' id='line_1_26' title="bbox 164 2269 1244 2343; baseline 0.007 -22"><span class='ocrx_word' id='word_1_190' title='bbox 164 2285 222 2321; x_wconf 89' lang='lat' dir='ltr'><strong>ram</strong></span> <span class='ocrx_word' id='word_1_191' title='bbox 240 2285 264 2320; x_wconf 91' lang='lat' dir='ltr'><strong>a.</strong></span> <span class='ocrx_word' id='word_1_192' title='bbox 283 2269 340 2322; x_wconf 72' lang='lat'><strong>374</strong></span> <span class='ocrx_word' id='word_1_193' title='bbox 354 2286 376 2322; x_wconf 90' lang='lat' dir='ltr'><strong>a.</strong></span> <span class='ocrx_word' id='word_1_194' title='bbox 398 2269 457 2322; x_wconf 84' lang='grc'><strong>0111.</strong></span> <span class='ocrx_word' id='word_1_195' title='bbox 493 2270 592 2323; x_wconf 86' lang='lat' dir='ltr'><strong>Eodem</strong></span> <span class='ocrx_word' id='word_1_196' title='bbox 610 2272 745 2338; x_wconf 78' lang='lat' dir='ltr'><strong>Apapeaor</strong></span> <span class='ocrx_word' id='word_1_197' title='bbox 763 2288 823 2325; x_wconf 88' lang='lat' dir='ltr'><strong>curn</strong></span> <span class='ocrx_word' id='word_1_198' title='bbox 839 2272 987 2327; x_wconf 85' lang='lat' dir='ltr'><strong>Arcadibus</strong></span> <span class='ocrx_word' id='word_1_199' title='bbox 1006 2274 1138 2342; x_wconf 85' lang='lat' dir='ltr'><strong>proiectus</strong></span> <span class='ocrx_word' id='word_1_200' title='bbox 1242 2340 1244 2343; x_wconf 18' lang='grc' dir='ltr'>ι</span> 
     </span>
    </p>

    <p class='ocr_par' dir='ltr' id='par_1_11' title="bbox 60 2339 894 2407">
     <span class='ocr_line' id='line_1_27' title="bbox 60 2339 894 2407; baseline 0.01 -17"><span class='ocrx_word' id='word_1_201' title='bbox 60 2368 63 2372; x_wconf 22' lang='grc' dir='ltr'><strong>Δ</strong></span> <span class='ocrx_word' id='word_1_202' title='bbox 165 2339 285 2407; x_wconf 85' lang='lat' dir='ltr'><strong>Paphum</strong></span> <span class='ocrx_word' id='word_1_203' title='bbox 302 2340 393 2392; x_wconf 87' lang='lat' dir='ltr'><strong>urbem</strong></span> <span class='ocrx_word' id='word_1_204' title='bbox 412 2339 561 2394; x_wconf 85' lang='lat' dir='ltr'><strong>condidisse</strong></span> <span class='ocrx_word' id='word_1_205' title='bbox 579 2341 697 2397; x_wconf 82' lang='lat' dir='ltr'><strong>traditur.</strong></span> <span class='ocrx_word' id='word_1_206' title='bbox 850 2388 856 2401; x_wconf 82' lang='grc'><strong>.</strong></span> <span class='ocrx_word' id='word_1_207' title='bbox 890 2400 894 2407; x_wconf 78' lang='grc'><strong>,</strong></span> 
     </span>
    </p>

    <p class='ocr_par' dir='ltr' id='par_1_12' title="bbox 129 2408 1140 2604">
     <span class='ocr_line' id='line_1_28' title="bbox 129 2408 1140 2481; baseline 0.007 -21"><span class='ocrx_word' id='word_1_208' title='bbox 129 2408 304 2475; x_wconf 80' lang='lat' dir='ltr'><strong>Neoptolemus</strong></span> <span class='ocrx_word' id='word_1_209' title='bbox 323 2410 545 2477; x_wconf 80' lang='lat' dir='ltr'><strong>(siraPyrrhus),</strong></span> <span class='ocrx_word' id='word_1_210' title='bbox 563 2411 674 2465; x_wconf 89' lang='lat' dir='ltr'><strong>Achillis</strong></span> <span class='ocrx_word' id='word_1_211' title='bbox 692 2411 719 2477; x_wconf 81' lang='lat' dir='ltr'><strong>i,</strong></span> <span class='ocrx_word' id='word_1_212' title='bbox 738 2413 904 2467; x_wconf 88' lang='lat' dir='ltr'><strong>eTheasalia</strong></span> <span class='ocrx_word' id='word_1_213' title='bbox 921 2414 949 2465; x_wconf 91' lang='lat' dir='ltr'><strong>iu</strong></span> <span class='ocrx_word' id='word_1_214' title='bbox 966 2413 1073 2481; x_wconf 79' lang='lat' dir='ltr'><strong>Epirum</strong></span> <span class='ocrx_word' id='word_1_215' title='bbox 1091 2416 1140 2467; x_wconf 91' lang='lat' dir='ltr'><strong>mi-</strong></span> 
     </span>
     <span class='ocr_line' id='line_1_29' title="bbox 165 2481 1139 2604; baseline 0.007 -72"><span class='ocrx_word' id='word_1_216' title='bbox 165 2495 267 2549; x_wconf 84' lang='lat' dir='ltr'><strong>grasse,</strong></span> <span class='ocrx_word' id='word_1_217' title='bbox 277 2481 479 2604; x_wconf 60' lang='lat' dir='ltr'><strong>filbiqnefrcgiae</strong></span> <span class='ocrx_word' id='word_1_218' title='bbox 497 2481 611 2535; x_wconf 83' lang='lat' dir='ltr'><strong>familias</strong></span> <span class='ocrx_word' id='word_1_219' title='bbox 629 2482 803 2536; x_wconf 85' lang='lat' dir='ltr'><strong>Aeacidarum</strong></span> <span class='ocrx_word' id='word_1_220' title='bbox 821 2485 947 2553; x_wconf 79' lang='lat' dir='ltr'><strong>regnique</strong></span> <span class='ocrx_word' id='word_1_221' title='bbox 965 2485 1139 2539; x_wconf 86' lang='lat' dir='ltr'><strong>Molossorum</strong></span> 
     </span>
     <span class='ocr_line' id='line_1_30' title="bbox 166 2552 466 2604; baseline 0.007 -2"><span class='ocrx_word' id='word_1_222' title='bbox 166 2555 259 2604; x_wconf 88' lang='lat' dir='ltr'><strong>auctor</strong></span> <span class='ocrx_word' id='word_1_223' title='bbox 307 2552 359 2604; x_wconf 90' lang='lat' dir='ltr'><strong>&#39;sse</strong></span> <span class='ocrx_word' id='word_1_224' title='bbox 387 2555 466 2604; x_wconf 87' lang='lat' dir='ltr'><strong>artur.</strong></span> 
     </span>
    </p>
   </div>
   <div class='ocr_carea' id='block_1_3' title="bbox 129 2725 1139 2864">
    <p class='ocr_par' dir='ltr' id='par_1_13' title="bbox 129 2725 1139 2864">
     <span class='ocr_line' id='line_1_31' title="bbox 129 2725 1139 2793; baseline 0.006 -16"><span class='ocrx_word' id='word_1_225' title='bbox 129 2726 255 2778; x_wconf 77' lang='lat' dir='ltr'><strong>Pen‘odae</strong></span> <span class='ocrx_word' id='word_1_226' title='bbox 272 2727 386 2790; x_wconf 80' lang='lat' dir='ltr'><strong>secundo,</strong></span> <span class='ocrx_word' id='word_1_227' title='bbox 410 2726 511 2779; x_wconf 89' lang='lat' dir='ltr'><strong>incerta</strong></span> <span class='ocrx_word' id='word_1_228' title='bbox 529 2728 556 2778; x_wconf 87' lang='lat' dir='ltr'><strong>et</strong></span> <span class='ocrx_word' id='word_1_229' title='bbox 573 2725 639 2793; x_wconf 91' lang='lat' dir='ltr'><strong>ipsa,</strong></span> <span class='ocrx_word' id='word_1_230' title='bbox 663 2725 711 2779; x_wconf 88' lang='lat' dir='ltr'><strong>sed</strong></span> <span class='ocrx_word' id='word_1_231' title='bbox 728 2727 854 2780; x_wconf 88' lang='lat' dir='ltr'><strong>historiae</strong></span> <span class='ocrx_word' id='word_1_232' title='bbox 878 2729 1038 2782; x_wconf 89' lang='lat' dir='ltr'><strong>incrementa</strong></span> <span class='ocrx_word' id='word_1_233' title='bbox 1057 2730 1139 2783; x_wconf 71' lang='lat' dir='ltr'><strong>conti</strong></span> 
     </span>
     <span class='ocr_line' id='line_1_32' title="bbox 257 2797 1013 2864; baseline 0.005 -15"><span class='ocrx_word' id='word_1_234' title='bbox 257 2812 338 2862; x_wconf 91' lang='lat' dir='ltr'><strong>nene,</strong></span> <span class='ocrx_word' id='word_1_235' title='bbox 361 2812 415 2850; x_wconf 90' lang='lat' dir='ltr'><strong>non</strong></span> <span class='ocrx_word' id='word_1_236' title='bbox 432 2799 558 2849; x_wconf 85' lang='lat' dir='ltr'><strong>exornata</strong></span> <span class='ocrx_word' id='word_1_237' title='bbox 575 2797 710 2864; x_wconf 73' lang='lat' dir='ltr'><strong>poetarum</strong></span> <span class='ocrx_word' id='word_1_238' title='bbox 728 2797 890 2851; x_wconf 88' lang='lat' dir='ltr'><strong>heroicorum</strong></span> <span class='ocrx_word' id='word_1_239' title='bbox 909 2799 1013 2864; x_wconf 79' lang='lat' dir='ltr'><strong>fabulis,</strong></span> 
     </span>
    </p>
   </div>
   <div class='ocr_carea' id='block_1_4' title="bbox 167 2887 1101 2996">
    <p class='ocr_par' dir='ltr' id='par_1_14' title="bbox 167 2887 1101 2996">
     <span class='ocr_line' id='line_1_33' title="bbox 167 2887 1101 2996; baseline 0.002 -16"><span class='ocrx_word' id='word_1_240' title='bbox 167 2928 201 2980; x_wconf 86' lang='lat' dir='ltr'><strong>ab</strong></span> <span class='ocrx_word' id='word_1_241' title='bbox 218 2887 416 2980; x_wconf 82' lang='lat' dir='ltr'><strong>Heraclidamm</strong></span> <span class='ocrx_word' id='word_1_242' title='bbox 434 2927 519 2981; x_wconf 89' lang='lat' dir='ltr'><strong>reditu</strong></span> <span class='ocrx_word' id='word_1_243' title='bbox 537 2943 621 2996; x_wconf 88' lang='lat' dir='ltr'><strong>usque</strong></span> <span class='ocrx_word' id='word_1_244' title='bbox 639 2928 674 2981; x_wconf 90' lang='lat' dir='ltr'><strong>ad</strong></span> <span class='ocrx_word' id='word_1_245' title='bbox 689 2929 760 2981; x_wconf 90' lang='lat' dir='ltr'><strong>bella</strong></span> <span class='ocrx_word' id='word_1_246' title='bbox 770 2929 880 2981; x_wconf 89' lang='lat' dir='ltr'><strong>Persica</strong></span> <span class='ocrx_word' id='word_1_247' title='bbox 892 2928 985 2983; x_wconf 80' lang='lat'><strong>—500</strong></span> <span class='ocrx_word' id='word_1_248' title='bbox 1003 2946 1026 2982; x_wconf 90' lang='lat' dir='ltr'><strong>a.</strong></span> <span class='ocrx_word' id='word_1_249' title='bbox 1040 2929 1101 2982; x_wconf 86' lang='lat' dir='ltr'><strong>Ohr.</strong></span> 
     </span>
    </p>
   </div>
   <div class='ocr_carea' id='block_1_5' title="bbox 129 3042 1306 4507">
    <p class='ocr_par' dir='ltr' id='par_1_15' title="bbox 129 3042 1306 4507">
     <span class='ocr_line' id='line_1_34' title="bbox 132 3042 1138 3109; baseline -0.001 -15"><span class='ocrx_word' id='word_1_250' title='bbox 132 3042 256 3104; x_wconf 71' lang='grc'><strong>1111111111,</strong></span> <span class='ocrx_word' id='word_1_251' title='bbox 276 3045 352 3094; x_wconf 90' lang='lat' dir='ltr'><strong>antea</strong></span> <span class='ocrx_word' id='word_1_252' title='bbox 369 3043 484 3109; x_wconf 90' lang='lat' dir='ltr'><strong>repressi</strong></span> <span class='ocrx_word' id='word_1_253' title='bbox 502 3043 534 3095; x_wconf 91' lang='lat' dir='ltr'><strong>ab</strong></span> <span class='ocrx_word' id='word_1_254' title='bbox 552 3042 720 3105; x_wconf 87' lang='lat' dir='ltr'><strong>Hellenibus,</strong></span> <span class='ocrx_word' id='word_1_255' title='bbox 742 3042 837 3095; x_wconf 89' lang='lat' dir='ltr'><strong>relicta</strong></span> <span class='ocrx_word' id='word_1_256' title='bbox 853 3042 1019 3109; x_wconf 84' lang='lat' dir='ltr'><strong>Thesprotia,</strong></span> <span class='ocrx_word' id='word_1_257' title='bbox 1041 3044 1138 3094; x_wconf 89' lang='lat' dir='ltr'><strong>terram</strong></span> 
     </span>
     <span class='ocr_line' id='line_1_35' title="bbox 167 3112 1137 3180; baseline 0.001 -16"><span class='ocrx_word' id='word_1_258' title='bbox 167 3113 238 3164; x_wconf 88' lang='lat' dir='ltr'><strong>circa</strong></span> <span class='ocrx_word' id='word_1_259' title='bbox 254 3112 370 3164; x_wconf 88' lang='lat' dir='ltr'><strong>Peneum</strong></span> <span class='ocrx_word' id='word_1_260' title='bbox 388 3128 490 3165; x_wconf 90' lang='lat' dir='ltr'><strong>amnem</strong></span> <span class='ocrx_word' id='word_1_261' title='bbox 510 3114 587 3166; x_wconf 88' lang='lat' dir='ltr'><strong>sitam</strong></span> <span class='ocrx_word' id='word_1_262' title='bbox 605 3115 742 3180; x_wconf 90' lang='lat' dir='ltr'><strong>occupant,</strong></span> <span class='ocrx_word' id='word_1_263' title='bbox 766 3112 827 3164; x_wconf 87' lang='lat' dir='ltr'><strong>inde</strong></span> <span class='ocrx_word' id='word_1_264' title='bbox 846 3112 1010 3165; x_wconf 80' lang='lat' dir='ltr'><strong>Thessaliam</strong></span> <span class='ocrx_word' id='word_1_265' title='bbox 1028 3112 1137 3177; x_wconf 83' lang='lat' dir='ltr'><strong>diotam3</strong></span> 
     </span>
     <span class='ocr_line' id='line_1_36' title="bbox 167 3182 1139 3250; baseline 0.003 -17"><span class='ocrx_word' id='word_1_266' title='bbox 167 3183 261 3234; x_wconf 79' lang='lat' dir='ltr'><strong>Boeoti</strong></span> <span class='ocrx_word' id='word_1_267' title='bbox 285 3183 391 3236; x_wconf 89' lang='lat' dir='ltr'><strong>sedibus</strong></span> <span class='ocrx_word' id='word_1_268' title='bbox 416 3184 471 3237; x_wconf 92' lang='lat' dir='ltr'><strong>suis</strong></span> <span class='ocrx_word' id='word_1_269' title='bbox 490 3185 569 3236; x_wconf 91' lang='lat' dir='ltr'><strong>eiecti</strong></span> <span class='ocrx_word' id='word_1_270' title='bbox 590 3184 739 3250; x_wconf 85' lang='lat' dir='ltr'><strong>inMinyas</strong></span> <span class='ocrx_word' id='word_1_271' title='bbox 763 3187 790 3235; x_wconf 89' lang='lat' dir='ltr'><strong>et</strong></span> <span class='ocrx_word' id='word_1_272' title='bbox 818 3182 946 3237; x_wconf 82' lang='lat' dir='ltr'><strong>Gedrusos</strong></span> <span class='ocrx_word' id='word_1_273' title='bbox 969 3182 1089 3236; x_wconf 89' lang='lat' dir='ltr'><strong>incidunt</strong></span> <span class='ocrx_word' id='word_1_274' title='bbox 1111 3187 1139 3236; x_wconf 90' lang='lat' dir='ltr'><strong>et</strong></span> 
     </span>
     <span class='ocr_line' id='line_1_37' title="bbox 165 3253 1273 3325; baseline 0.002 -20"><span class='ocrx_word' id='word_1_275' title='bbox 165 3253 311 3318; x_wconf 88' lang='lat' dir='ltr'><strong>Boeotiam,</strong></span> <span class='ocrx_word' id='word_1_276' title='bbox 329 3255 446 3321; x_wconf 91' lang='lat' dir='ltr'><strong>ipsorum</strong></span> <span class='ocrx_word' id='word_1_277' title='bbox 464 3256 568 3307; x_wconf 91' lang='lat' dir='ltr'><strong>nomine</strong></span> <span class='ocrx_word' id='word_1_278' title='bbox 587 3254 752 3322; x_wconf 90' lang='lat' dir='ltr'><strong>appellatam,</strong></span> <span class='ocrx_word' id='word_1_279' title='bbox 770 3257 900 3322; x_wconf 90' lang='lat' dir='ltr'><strong>occupant</strong></span> <span class='ocrx_word' id='word_1_280' title='bbox 1174 3261 1273 3325; x_wconf 76' lang='lat'><strong>(1124)</strong></span> 
     </span>
     <span class='ocr_line' id='line_1_38' title="bbox 129 3323 1137 3395; baseline 0.001 -18"><span class='ocrx_word' id='word_1_281' title='bbox 129 3324 231 3379; x_wconf 83' lang='lat' dir='ltr'><strong>iisdem</strong></span> <span class='ocrx_word' id='word_1_282' title='bbox 250 3324 357 3378; x_wconf 86' lang='lat' dir='ltr'><strong>Boeotis</strong></span> <span class='ocrx_word' id='word_1_283' title='bbox 380 3326 558 3393; x_wconf 87' lang='lat' dir='ltr'><strong>promentibus</strong></span> <span class='ocrx_word' id='word_1_284' title='bbox 581 3324 688 3393; x_wconf 80' lang='lat' dir='ltr'><strong>Pelasgi</strong></span> <span class='ocrx_word' id='word_1_285' title='bbox 708 3327 843 3395; x_wconf 72' lang='lat' dir='ltr'><strong>propvol</strong></span> <span class='ocrx_word' id='word_1_286' title='bbox 863 3326 891 3378; x_wconf 90' lang='lat' dir='ltr'><strong>in</strong></span> <span class='ocrx_word' id='word_1_287' title='bbox 908 3323 1023 3377; x_wconf 83' lang='lat' dir='ltr'><strong>Atticam</strong></span> <span class='ocrx_word' id='word_1_288' title='bbox 1046 3341 1075 3378; x_wconf 89' lang='lat' dir='ltr'><strong>se</strong></span> <span class='ocrx_word' id='word_1_289' title='bbox 1098 3341 1137 3378; x_wconf 89' lang='lat' dir='ltr'><strong>re-</strong></span> 
     </span>
     <span class='ocr_line' id='line_1_39' title="bbox 166 3395 1137 3464; baseline 0.005 -18"><span class='ocrx_word' id='word_1_290' title='bbox 166 3396 277 3462; x_wconf 89' lang='lat' dir='ltr'><strong>cipiunt,</strong></span> <span class='ocrx_word' id='word_1_291' title='bbox 296 3396 356 3448; x_wconf 88' lang='lat' dir='ltr'><strong>inde</strong></span> <span class='ocrx_word' id='word_1_292' title='bbox 373 3411 465 3449; x_wconf 88' lang='lat' dir='ltr'><strong>rursus</strong></span> <span class='ocrx_word' id='word_1_293' title='bbox 483 3395 588 3464; x_wconf 82' lang='lat' dir='ltr'><strong>expulsi</strong></span> <span class='ocrx_word' id='word_1_294' title='bbox 599 3395 734 3462; x_wconf 90' lang='lat' dir='ltr'><strong>Lemnum,</strong></span> <span class='ocrx_word' id='word_1_295' title='bbox 752 3397 875 3461; x_wconf 89' lang='lat' dir='ltr'><strong>Imbrum,</strong></span> <span class='ocrx_word' id='word_1_296' title='bbox 894 3395 1081 3451; x_wconf 82' lang='lat' dir='ltr'><strong>Samothracen</strong></span> <span class='ocrx_word' id='word_1_297' title='bbox 1098 3396 1137 3450; x_wconf 88' lang='lat' dir='ltr'><strong>in-</strong></span> 
     </span>
     <span class='ocr_line' id='line_1_40' title="bbox 166 3466 1272 3537; baseline 0.003 -19"><span class='ocrx_word' id='word_1_298' title='bbox 166 3466 239 3518; x_wconf 86' lang='lat' dir='ltr'><strong>sulas</strong></span> <span class='ocrx_word' id='word_1_299' title='bbox 258 3469 387 3534; x_wconf 90' lang='lat' dir='ltr'><strong>occupant</strong></span> <span class='ocrx_word' id='word_1_300' title='bbox 1173 3473 1272 3537; x_wconf 81' lang='grc'><strong>(1099)</strong></span> 
     </span>
     <span class='ocr_line' id='line_1_41' title="bbox 130 3535 1137 3605; baseline 0 -16"><span class='ocrx_word' id='word_1_301' title='bbox 130 3537 237 3603; x_wconf 89' lang='lat' dir='ltr'><strong>Minyae</strong></span> <span class='ocrx_word' id='word_1_302' title='bbox 249 3535 347 3590; x_wconf 91' lang='lat' dir='ltr'><strong>Lemno</strong></span> <span class='ocrx_word' id='word_1_303' title='bbox 367 3536 444 3589; x_wconf 92' lang='lat' dir='ltr'><strong>eiecti</strong></span> <span class='ocrx_word' id='word_1_304' title='bbox 462 3536 574 3605; x_wconf 88' lang='lat' dir='ltr'><strong>primum</strong></span> <span class='ocrx_word' id='word_1_305' title='bbox 588 3536 744 3590; x_wconf 83' lang='lat' dir='ltr'><strong>Laconicam</strong></span> <span class='ocrx_word' id='word_1_306' title='bbox 761 3540 862 3605; x_wconf 89' lang='lat' dir='ltr'><strong>petunt,</strong></span> <span class='ocrx_word' id='word_1_307' title='bbox 879 3536 973 3593; x_wconf 90' lang='lat' dir='ltr'><strong>deinde</strong></span> <span class='ocrx_word' id='word_1_308' title='bbox 986 3536 1137 3590; x_wconf 77' lang='lat' dir='ltr'><strong>Gauconum</strong></span> 
     </span>
     <span class='ocr_line' id='line_1_42' title="bbox 166 3606 1124 3676; baseline 0.002 -18"><span class='ocrx_word' id='word_1_309' title='bbox 166 3608 400 3660; x_wconf 90' lang='lat' dir='ltr'><strong>etParoreatarum</strong></span> <span class='ocrx_word' id='word_1_310' title='bbox 413 3610 508 3660; x_wconf 88' lang='lat' dir='ltr'><strong>terram</strong></span> <span class='ocrx_word' id='word_1_311' title='bbox 521 3611 650 3675; x_wconf 88' lang='lat' dir='ltr'><strong>occupant</strong></span> <span class='ocrx_word' id='word_1_312' title='bbox 663 3606 810 3676; x_wconf 89' lang='lat' dir='ltr'><strong>(Lepreum,</strong></span> <span class='ocrx_word' id='word_1_313' title='bbox 823 3609 1012 3676; x_wconf 87' lang='lat' dir='ltr'><strong>Macistumque</strong></span> <span class='ocrx_word' id='word_1_314' title='bbox 1025 3606 1124 3672; x_wconf 88' lang='lat' dir='ltr'><strong>urbes).</strong></span> 
     </span>
     <span class='ocr_line' id='line_1_43' title="bbox 129 3673 1139 3750; baseline 0.003 -21"><span class='ocrx_word' id='word_1_315' title='bbox 129 3678 229 3730; x_wconf 84' lang='lat' dir='ltr'><strong>Redito</strong></span> <span class='ocrx_word' id='word_1_316' title='bbox 247 3678 443 3732; x_wconf 77' lang='lat' dir='ltr'><strong>Heraclidamm</strong></span> <span class='ocrx_word' id='word_1_317' title='bbox 466 3676 519 3749; x_wconf 79' lang='grc' dir='ltr'><strong>(τῇ</strong></span> <span class='ocrx_word' id='word_1_318' title='bbox 538 3674 653 3744; x_wconf 73' lang='grc' dir='ltr'><strong><em>καθόδῳ</em></strong></span> <span class='ocrx_word' id='word_1_319' title='bbox 671 3680 732 3729; x_wconf 76' lang='grc' dir='ltr'><strong>τῶν</strong></span> <span class='ocrx_word' id='word_1_320' title='bbox 748 3673 942 3750; x_wconf 69' lang='grc' dir='ltr'><strong>Ἡρακλειδῶν)</strong></span> <span class='ocrx_word' id='word_1_321' title='bbox 964 3678 1139 3747; x_wconf 81' lang='lat' dir='ltr'><strong>Peloponnesi</strong></span> 
     </span>
     <span class='ocr_line' id='line_1_44' title="bbox 166 3748 1273 3820; baseline 0.009 -20"><span class='ocrx_word' id='word_1_322' title='bbox 166 3751 194 3801; x_wconf 87' lang='lat' dir='ltr'><strong>et</strong></span> <span class='ocrx_word' id='word_1_323' title='bbox 212 3749 293 3801; x_wconf 89' lang='lat' dir='ltr'><strong>totius</strong></span> <span class='ocrx_word' id='word_1_324' title='bbox 312 3749 365 3802; x_wconf 89' lang='lat' dir='ltr'><strong>lere</strong></span> <span class='ocrx_word' id='word_1_325' title='bbox 385 3748 510 3802; x_wconf 81' lang='lat' dir='ltr'><strong>Graeciae</strong></span> <span class='ocrx_word' id='word_1_326' title='bbox 528 3750 630 3802; x_wconf 88' lang='lat' dir='ltr'><strong>incolae</strong></span> <span class='ocrx_word' id='word_1_327' title='bbox 648 3753 780 3802; x_wconf 90' lang='lat' dir='ltr'><strong>mutantur</strong></span> <span class='ocrx_word' id='word_1_328' title='bbox 965 3806 969 3815; x_wconf 57' lang='lat'><strong>,</strong></span> <span class='ocrx_word' id='word_1_329' title='bbox 1172 3753 1273 3820; x_wconf 86' lang='lat'><strong>(1104)</strong></span> 
     </span>
     <span class='ocr_line' id='line_1_45' title="bbox 129 3817 1306 3888; baseline 0.003 -18"><span class='ocrx_word' id='word_1_330' title='bbox 129 3818 198 3871; x_wconf 87' lang='lat' dir='ltr'><strong>Nam</strong></span> <span class='ocrx_word' id='word_1_331' title='bbox 218 3834 269 3886; x_wconf 92' lang='lat' dir='ltr'><strong>quo</strong></span> <span class='ocrx_word' id='word_1_332' title='bbox 288 3822 403 3888; x_wconf 88' lang='lat' dir='ltr'><strong>tempore</strong></span> <span class='ocrx_word' id='word_1_333' title='bbox 422 3821 587 3884; x_wconf 88' lang='lat' dir='ltr'><strong>Tisamenus,</strong></span> <span class='ocrx_word' id='word_1_334' title='bbox 604 3820 706 3874; x_wconf 86' lang='lat' dir='ltr'><strong>Orestis</strong></span> <span class='ocrx_word' id='word_1_335' title='bbox 724 3820 802 3884; x_wconf 87' lang='lat' dir='ltr'><strong>filius,</strong></span> <span class='ocrx_word' id='word_1_336' title='bbox 821 3821 945 3874; x_wconf 89' lang='lat' dir='ltr'><strong>maiorem</strong></span> <span class='ocrx_word' id='word_1_337' title='bbox 961 3817 1136 3888; x_wconf 88' lang='lat' dir='ltr'><strong>Peloponnesi</strong></span> <span class='ocrx_word' id='word_1_338' title='bbox 1305 3841 1306 3844; x_wconf 41' lang='lat'>¹</span> 
     </span>
     <span class='ocr_line' id='line_1_46' title="bbox 166 3890 1139 3959; baseline 0.003 -18"><span class='ocrx_word' id='word_1_339' title='bbox 166 3893 269 3957; x_wconf 88' lang='lat' dir='ltr'><strong>partem</strong></span> <span class='ocrx_word' id='word_1_340' title='bbox 287 3906 368 3959; x_wconf 83' lang='lat' dir='ltr'><strong>regno</strong></span> <span class='ocrx_word' id='word_1_341' title='bbox 387 3891 530 3955; x_wconf 87' lang='lat' dir='ltr'><strong>obtinebat,</strong></span> <span class='ocrx_word' id='word_1_342' title='bbox 548 3890 723 3947; x_wconf 88' lang='lat' dir='ltr'><strong>Aristomachi</strong></span> <span class='ocrx_word' id='word_1_343' title='bbox 740 3895 793 3943; x_wconf 89' lang='lat' dir='ltr'><strong>tres</strong></span> <span class='ocrx_word' id='word_1_344' title='bbox 812 3890 868 3955; x_wconf 89' lang='lat' dir='ltr'><strong>filii,</strong></span> <span class='ocrx_word' id='word_1_345' title='bbox 889 3894 1046 3959; x_wconf 89' lang='lat' dir='ltr'><strong>pronepotes</strong></span> <span class='ocrx_word' id='word_1_346' title='bbox 1065 3891 1139 3959; x_wconf 91' lang='lat' dir='ltr'><strong>Hylli</strong></span> 
     </span>
     <span class='ocr_line' id='line_1_47' title="bbox 166 3961 1139 4030; baseline 0.004 -19"><span class='ocrx_word' id='word_1_347' title='bbox 166 3961 299 4023; x_wconf 89' lang='lat' dir='ltr'><strong>(Herculis</strong></span> <span class='ocrx_word' id='word_1_348' title='bbox 317 3961 379 4022; x_wconf 87' lang='lat' dir='ltr'><strong>filii)</strong></span> <span class='ocrx_word' id='word_1_349' title='bbox 399 3977 458 4014; x_wconf 89' lang='lat' dir='ltr'><strong>cum</strong></span> <span class='ocrx_word' id='word_1_350' title='bbox 475 3963 600 4025; x_wconf 82' lang='lat' dir='ltr'><strong>Doridos,</strong></span> <span class='ocrx_word' id='word_1_351' title='bbox 624 3962 745 4014; x_wconf 92' lang='lat' dir='ltr'><strong>adiuncto</strong></span> <span class='ocrx_word' id='word_1_352' title='bbox 765 3961 863 4029; x_wconf 82' lang='lat' dir='ltr'><strong>Oxylo,</strong></span> <span class='ocrx_word' id='word_1_353' title='bbox 889 3961 1016 4014; x_wconf 88' lang='lat' dir='ltr'><strong>Thoantis</strong></span> <span class='ocrx_word' id='word_1_354' title='bbox 1035 3965 1139 4030; x_wconf 89' lang='lat' dir='ltr'><strong>nepote,</strong></span> 
     </span>
     <span class='ocr_line' id='line_1_48' title="bbox 165 4029 1139 4101; baseline 0.003 -19"><span class='ocrx_word' id='word_1_355' title='bbox 165 4031 271 4095; x_wconf 89' lang='lat' dir='ltr'><strong>Aetolo,</strong></span> <span class='ocrx_word' id='word_1_356' title='bbox 290 4031 426 4101; x_wconf 87' lang='lat' dir='ltr'><strong>Naupacto</strong></span> <span class='ocrx_word' id='word_1_357' title='bbox 444 4033 578 4087; x_wconf 89' lang='lat' dir='ltr'><strong>traiiciunt</strong></span> <span class='ocrx_word' id='word_1_358' title='bbox 595 4032 624 4084; x_wconf 91' lang='lat' dir='ltr'><strong>in</strong></span> <span class='ocrx_word' id='word_1_359' title='bbox 641 4033 851 4100; x_wconf 90' lang='lat' dir='ltr'><strong>Peloponnesum</strong></span> <span class='ocrx_word' id='word_1_360' title='bbox 869 4029 957 4095; x_wconf 86' lang='lat' dir='ltr'><strong>(circa</strong></span> <span class='ocrx_word' id='word_1_361' title='bbox 976 4032 1062 4085; x_wconf 85' lang='lat' dir='ltr'><strong>Rhion</strong></span> <span class='ocrx_word' id='word_1_362' title='bbox 1080 4047 1139 4101; x_wconf 88' lang='lat' dir='ltr'><strong>pro·</strong></span> 
     </span>
     <span class='ocr_line' id='line_1_49' title="bbox 166 4101 1139 4171; baseline 0.006 -19"><span class='ocrx_word' id='word_1_363' title='bbox 166 4101 268 4165; x_wconf 84' lang='lat' dir='ltr'><strong>mont),</strong></span> <span class='ocrx_word' id='word_1_364' title='bbox 288 4104 315 4153; x_wconf 89' lang='lat' dir='ltr'><strong>et</strong></span> <span class='ocrx_word' id='word_1_365' title='bbox 327 4103 418 4156; x_wconf 87' lang='lat' dir='ltr'><strong>eiectis</strong></span> <span class='ocrx_word' id='word_1_366' title='bbox 431 4102 553 4167; x_wconf 89' lang='lat' dir='ltr'><strong>Achaeis,</strong></span> <span class='ocrx_word' id='word_1_367' title='bbox 571 4104 609 4155; x_wconf 90' lang='lat' dir='ltr'><strong>ita</strong></span> <span class='ocrx_word' id='word_1_368' title='bbox 621 4104 689 4156; x_wconf 89' lang='lat' dir='ltr'><strong>inter</strong></span> <span class='ocrx_word' id='word_1_369' title='bbox 701 4118 730 4156; x_wconf 89' lang='lat' dir='ltr'><strong>se</strong></span> <span class='ocrx_word' id='word_1_370' title='bbox 743 4103 909 4166; x_wconf 85' lang='lat' dir='ltr'><strong>conveniunt,</strong></span> <span class='ocrx_word' id='word_1_371' title='bbox 928 4106 958 4155; x_wconf 91' lang='lat' dir='ltr'><strong>ut</strong></span> <span class='ocrx_word' id='word_1_372' title='bbox 973 4103 1067 4171; x_wconf 77' lang='lat' dir='ltr'><strong>Oryleo</strong></span> <span class='ocrx_word' id='word_1_373' title='bbox 1078 4119 1139 4158; x_wconf 90' lang='lat' dir='ltr'><strong>curu</strong></span> 
     </span>
     <span class='ocr_line' id='line_1_50' title="bbox 166 4171 1139 4242; baseline 0.001 -18"><span class='ocrx_word' id='word_1_374' title='bbox 166 4171 271 4225; x_wconf 88' lang='lat' dir='ltr'><strong>Aetolis</strong></span> <span class='ocrx_word' id='word_1_375' title='bbox 283 4172 386 4225; x_wconf 89' lang='lat' dir='ltr'><strong>Elidem</strong></span> <span class='ocrx_word' id='word_1_376' title='bbox 404 4173 520 4238; x_wconf 87' lang='lat' dir='ltr'><strong>haberet,</strong></span> <span class='ocrx_word' id='word_1_377' title='bbox 539 4188 660 4242; x_wconf 86' lang='lat' dir='ltr'><strong>agrorum</strong></span> <span class='ocrx_word' id='word_1_378' title='bbox 677 4176 752 4241; x_wconf 88' lang='lat' dir='ltr'><strong>parto</strong></span> <span class='ocrx_word' id='word_1_379' title='bbox 770 4174 901 4227; x_wconf 80' lang='lat' dir='ltr'><strong>veteribus</strong></span> <span class='ocrx_word' id='word_1_380' title='bbox 915 4173 1009 4227; x_wconf 90' lang='lat' dir='ltr'><strong>incolis</strong></span> <span class='ocrx_word' id='word_1_381' title='bbox 1022 4174 1139 4227; x_wconf 90' lang='lat' dir='ltr'><strong>eiusdem</strong></span> 
     </span>
     <span class='ocr_line' id='line_1_51' title="bbox 166 4243 1137 4313; baseline 0.003 -19"><span class='ocrx_word' id='word_1_382' title='bbox 166 4244 255 4310; x_wconf 88' lang='lat' dir='ltr'><strong>gentis</strong></span> <span class='ocrx_word' id='word_1_383' title='bbox 273 4243 374 4308; x_wconf 85' lang='lat' dir='ltr'><strong>relicta,</strong></span> <span class='ocrx_word' id='word_1_384' title='bbox 396 4244 554 4312; x_wconf 76' lang='lat' dir='ltr'><strong>Cresphontes</strong></span> <span class='ocrx_word' id='word_1_385' title='bbox 565 4245 729 4309; x_wconf 86' lang='lat' dir='ltr'><strong>Messeniam,</strong></span> <span class='ocrx_word' id='word_1_386' title='bbox 749 4245 866 4313; x_wconf 86' lang='lat' dir='ltr'><strong>expulsis</strong></span> <span class='ocrx_word' id='word_1_387' title='bbox 877 4244 998 4301; x_wconf 86' lang='lat' dir='ltr'><strong>Nestoris</strong></span> <span class='ocrx_word' id='word_1_388' title='bbox 1015 4245 1137 4313; x_wconf 86' lang='lat' dir='ltr'><strong>posteris,</strong></span> 
     </span>
     <span class='ocr_line' id='line_1_52' title="bbox 171 4313 1137 4390; baseline 0.001 -26"><span class='ocrx_word' id='word_1_389' title='bbox 171 4314 288 4365; x_wconf 79' lang='lat' dir='ltr'><strong>Temenos</strong></span> <span class='ocrx_word' id='word_1_390' title='bbox 299 4313 460 4382; x_wconf 81' lang='lat' dir='ltr'><strong>Argolidum,</strong></span> <span class='ocrx_word' id='word_1_391' title='bbox 478 4317 629 4390; x_wconf 69' lang='lat' dir='ltr'><strong>Aristodeai</strong></span> <span class='ocrx_word' id='word_1_392' title='bbox 645 4314 693 4368; x_wconf 86' lang='lat' dir='ltr'><strong>filii</strong></span> <span class='ocrx_word' id='word_1_393' title='bbox 710 4314 900 4383; x_wconf 71' lang='lat' dir='ltr'><strong>(borysthenes</strong></span> <span class='ocrx_word' id='word_1_394' title='bbox 913 4318 940 4367; x_wconf 90' lang='lat' dir='ltr'><strong>et</strong></span> <span class='ocrx_word' id='word_1_395' title='bbox 950 4315 1070 4378; x_wconf 87' lang='lat' dir='ltr'><strong>Procles)</strong></span> <span class='ocrx_word' id='word_1_396' title='bbox 1088 4314 1137 4366; x_wconf 89' lang='lat' dir='ltr'><strong>La·</strong></span> 
     </span>
     <span class='ocr_line' id='line_1_53' title="bbox 166 4385 1136 4453; baseline -0.001 -18"><span class='ocrx_word' id='word_1_397' title='bbox 166 4386 288 4436; x_wconf 84' lang='lat' dir='ltr'><strong>conicum</strong></span> <span class='ocrx_word' id='word_1_398' title='bbox 306 4388 433 4440; x_wconf 80' lang='lat' dir='ltr'><strong>tenerent</strong></span> <span class='ocrx_word' id='word_1_399' title='bbox 469 4386 599 4452; x_wconf 88' lang='lat' dir='ltr'><strong>Arcades,</strong></span> <span class='ocrx_word' id='word_1_400' title='bbox 621 4385 725 4439; x_wconf 87' lang='lat' dir='ltr'><strong>foedere</strong></span> <span class='ocrx_word' id='word_1_401' title='bbox 743 4386 822 4451; x_wconf 85' lang='lat' dir='ltr'><strong>iacto,</strong></span> <span class='ocrx_word' id='word_1_402' title='bbox 843 4387 995 4439; x_wconf 89' lang='lat' dir='ltr'><strong>mutationis</strong></span> <span class='ocrx_word' id='word_1_403' title='bbox 1014 4388 1136 4453; x_wconf 87' lang='lat' dir='ltr'><strong>expertes</strong></span> 
     </span>
     <span class='ocr_line' id='line_1_54' title="bbox 166 4458 237 4507; baseline 0.014 -1"><span class='ocrx_word' id='word_1_404' title='bbox 166 4458 237 4507; x_wconf 84' lang='lat' dir='ltr'><strong>sunt</strong></span> 
     </span>
    </p>
   </div>
   <div class='ocr_carea' id='block_1_6' title="bbox 1053 4540 1069 4586">
    <p class='ocr_par' dir='ltr' id='par_1_16' title="bbox 1053 4540 1069 4586">
     <span class='ocr_line' id='line_1_55' title="bbox 1053 4540 1069 4586; baseline 0 0"><span class='ocrx_word' id='word_1_405' title='bbox 1053 4540 1069 4586; x_wconf 78' lang='grc'><strong>2</strong></span> 
     </span>
    </p>
   </div>
   <div class='ocr_carea' id='block_1_7' title="bbox 0 0 1536 5064">
    <p class='ocr_par' dir='ltr' id='par_1_17' title="bbox 0 0 1536 5064">
     <span class='ocr_line' id='line_1_56' title="bbox 0 0 1536 5064; baseline 0 0"><span class='ocrx_word' id='word_1_406' title='bbox 0 0 1536 5064; x_wconf 95' lang='lat' dir='ltr'><strong> </strong></span> 
     </span>
    </p>
   </div>
  </div>
 </body>
</html>
